@article{Moorkamp2011,
    author = {Moorkamp, Max and Heincke, Bj√∂rn and Jegen, Marion and Roberts, Alan W. and Hobbs, Richard W.},
    title = {A framework for 3-D joint inversion of MT, gravity and seismic refraction data},
    journal = {Geophysical Journal International},
    volume = {184},
    number = {1},
    publisher = {Blackwell Publishing Ltd},
    issn = {1365-246X},
    url = {http://dx.doi.org/10.1111/j.1365-246X.2010.04856.x},
    doi = {10.1111/j.1365-246X.2010.04856.x},
    pages = {477--493},
    keywords = {Inverse theory, Gravity anomalies and Earth structure, Magnetotelluric, Seismic tomography},
    year = {2011},
}

@techreport{Shewchuk1994,
    author = {Jonathan Richard Shewchuk},
    title = {An introduction to the conjugate gradient method without the agonizing pain},
    institution = {Carnegie Mellon University, Pittsburgh},
    year = {1994}
}

@book{Nocedal2006,
    author = {Nocedal, Jorge and Wright, Stephen J.},
    title = {Numerical Optimization},
    publisher = {Springer},
    year = {2006},
    edition = {2nd}
}

@article{Hager2006,
    author = {Hager, William W. and Zhang, Hongchao},
    title = {A survey of nonlinear conjugate gradient methods},
    journal = {Pac. J. Optim.},
    volume = {2},
    number = {1},
    pages = {35--58},
    year = {2006}
}

@article{MoreThuente1992,
    author = {Jorge J. More and David J. Thuente},
    title = {Line Search Algorithms With Guaranteed Sufficient Decrease},
    journal = {ACM Trans. Math. Software},
    year = {1992},
    volume = {20},
    pages = {286--307}
}

@book{Cheng1989,
    author = {Cheng, David K.},
    title = {Field and Wave Electromagnetics},
    publisher = {Addison-Wesley},
    year = {1989},
    edition = {2nd}
}

