#Created by Kbib version 0.6.5
#Last modified: Mon Apr  6 21:30:13 2009


@book{SAAD,
	author = {Y. Saad},
	title = {Iterative Methods for Sparse Linear Systems},
	publisher = {PWS Publishing Company},
	year = {1996},
	address = {20 Park Plaza, Boston, MA 02116, USA},

}

@book{WEISS,
	author = {R. Weiss},
	title = {Parameter-Free Iterative Linear Solvers},
	publisher = {Akademie Verlag},
	year = {1996},
	series = {Mathematical Research, vol.\ 97},
	address = {Berlin},

}

@book{AMG,
	author = {Y. Shapira},
	title = {Matrix-Based Multigrid},
	publisher = {Springer},
	year = {2008},

}

@book{NumHand,
	author = {P.~G. Ciarlet and J.~L. Lions},
	title = {Handbook of Numerical Analysis},
	publisher = {North Holland},
	year = {1991},
	volume = {2},
	address = {Amsterdam},

}

@inproceedings{NUMARRAY,
	author = {Perry Greenfield, Todd Miller, Jin-Chung Hsu and Richard L. White},
	title = {An Array Module for Python},
	booktitle = {Astronomical Data Analysis Software and Systems XI},
	year = {2001},

}

@book{Zienc,
	author = {O.~C. Zienkiewicz},
	title = {The Finite Element Method in Engineering Science},
	publisher = {McGraw-Hill},
	year = {1971},
	address = {London},
	edition = {second},

}

@article{SUPG2,
	author = {H.C. Elman and A. Ramage},
	title = {An Analysis of Smoothing Effects of Upwinding Strategies For The Convection-Diffusion Equation},
	journal = {SIAM J. Numer. Anal.},
	year = {2002},
	volume = {40},
	number = {1},
	pages = {254--281},

}

@book{TURCOTTE2002,
	author = {Donald L. Turcotte and Gerald Schubert},
	title = {Geodynamics},
	publisher = {Cambridge University Press},
	year = 2002,
	edition = {Second},

}

@article{MORESI2003,
	author = {L. Moresi and F. Dufour and H. \-B. M
{\"u}hlhaus},
	title = {A {Lagrangian} integration point finite element
method for
                        large deformation modeling of viscoelastic
geomaterials},
	journal = {Journal of Computational Physics},
	year = 2003,
	number = 184,
	pages = {476--497},

}

@article{GROSZ99c,
	author = {L.~Grosz},
	title = {Preconditioning by Incomplete Block Elimination},
	journal = {J. of Num. Lin. Alg. with Appl.},
	year = {2000},
	note = {to appear},

}

@book{VTK,
	author = {The Kitware, Inc},
	title = {Visualization Toolkit User's Guide.},
	publisher = {Kitware, Inc publishers.},
	year = {1971},
	address = {London},
	edition = {second},

}

@article{BOURGOUIN2006,
	author = {L. Bourgouin and H. Muhlhaus and A. J. Hale and A. Arsac},
	title = {Towards realistic simulations of lava dome growth using the level set method},
	journal = {Acta Geotechnica},
	year = {2006},
	volume = {1},
	number = {4},
	pages = {225--236},

}

@article{SUSSMAN1994,
	author = {M. Sussman and P. Smereka and S. Osher},
	title = {A Level Set Approach for Computing Solutions to Incompressible Two-Phase Flow},
	journal = {Journal of Computational Physics},
	year = {1994},
	volume = {114},
	pages = {146--159},

}

@article{LIN2005,
	author = {C. Lin and H. Lee and T. Lee and L. J. Weber},
	title = {A Level Set Characteristic Galerkin Finite Element Method for Free Surface Flows},
	journal = {International Journal for Numerical Methods in Fluids},
	year = {2005},
	volume = {49},
	pages = {521--547},

}

@article{SUCKALE2008,
	author = {J. Suckale and J. C. Have},
	title = {An alternative numerical model of buoyancy driven flows},
	year = {2008},
	pages = {1--43},

}

@article{GROSS2006,
	author = {L. Gross and L. Bourgouin and A. J. Hale and H.-B Muhlhaus},
	title = {Interface Modeling in Incompressible Media using Level Sets in Escript},
	journal = {Physics of the Earth and Planetary Interiors},
	year = {2006},
	volume = {163},
	number = {1-4},
	pages = {23--34},

}

@article{VANKEKEN1997,
	author = {P. E. van Keken and S. D. King and H. Schmeling and U. R. Christensen and D. Neumeister and M. P. Doin},
	title = {A comparison of methods for the modeling of thermochemical convection},
	journal = {J. Geophys. Res.},
	year = {1997},
	volume = {102},
	number = {B10},
	pages = {22477--22495},

}

@article{AAMIRBERKYAN2008,
	author = {A. Amirberkyan and L. Gross},
	title = {Efficient Solvers for Incompressible Fluid Flows in Geosciences},
	journal = {ANZIAM Journal},
	year = {2008},
	volume = {50},
	pages = {C189--C203},

}

@article{MBENZI2005,
	author = {M. Benzi and G. H. Golub and J. Liesen},
	title = {Numerical solution of saddle point problems},
	journal = {Acta Numerica},
	year = {2005},
	volume = {14},
	pages = {1--137},

}

@misc{OPENDX,
	key = {opendx},
	title = {{OpenDX}},
	howpublished = {http://www.opendx.org/},
	url = {http://www.opendx.org/},

}

@misc{netCDF,
	key = {netcdf},
	title = {{netCDF}},
	howpublished = {http://www.unidata.ucar.edu/software/netcdf},
	url = {http://www.unidata.ucar.edu/software/netcdf},

}

@misc{UMFPACK,
	key = {umfpack},
	howpublished = {http://www.cise.ufl.edu/research/sparse/umfpack/},
	url = {http://www.cise.ufl.edu/research/sparse/umfpack/},

}

@misc{MKL,
	key = {MKL},
	title = {INTEL's Math Kernel Library},

}

@misc{VisIt,
	key = {visit},
	title = {{VisIt}},
	howpublished = {https://wci.llnl.gov/codes/visit/home.html},
	url = {https://wci.llnl.gov/codes/visit/home.html},

}

@misc{OPENMP,
	key = {openmp},
	title = {{OpenMP}},
	howpublished = {http://openmp.org},
	url = {http://openmp.org},

}

@misc{MPI,
	key = {mpi},
	title = {{MPI}},
	howpublished = {http://www.mpi-forum.org},
	url = {http://www.mpi-forum.org},

}

@book{LBB,
	author = {Girault, V. and Raviart, P. A.},
	title = {Finite Element Methods for Navier-Stokes Equations- Theory and Algorithms},
	publisher = {Springer Verlag, Berlin},
	year = 1986,

}

@manual{SCSL,
	title = {SCSL (Scientific Computing Software Library)},
	url = {http://www.sgi.com/products/software/irix/scsl.html},

}

@manual{GMSH,
	title = {Gmsh Reference Manual},
	author = {Christophe Geuzaine and Jean-Francois Remacle},
	edition = {1.12},
	month = {Aug},
	year = 2003,
	url = {http://www.geuz.org/gmsh},

}

@article{RILU,
	author = {Y. Saad, B. Suchomel},
	title = {ARMS: an algebraic recursive multilevel solver for general sparse linear systems},
	journal = {Numerical Linear Algebra with Applications},
	year = 2002,
	volume = {9},
	number = 5,
	pages = {1099-1506},

}

@manual{RIGHTHANDRULE,
	title = {Right-hand rule},
	url = {http://en.wikipedia.org/wiki/Right-hand_rule},

}

@manual{TETGEN,
	title = {TetGen: A Quality Tetrahedral Mesh Generator and Three-Dimensional Delaunay Triangulator},
	author = {Hang Si},
	month = {Jan},
	year = 2008,
	url = {http://tetgen.berlios.de},

}

@manual{NETGEN,
	title = {Netgen 1.4},
	author = {Tim Edwards},
	url = {http://opencircuitdesign.com/netgen/},

}

@article{ELMAN,
	author = {David Silvester, Howard Elman, David Kay and Andrew Wathen},
	title = {Efficient Preconditioning of the Linearized Navier-Stokes Equations},
	journal = {Journal of Computational and Applied Mathematics},
	year = 2001,
	number = 128,
	pages = {261-279},

}

@article{LEASTSQUARESFEM1994,
	author = {A. I. Pehlivanov, G. F. Carey and R. D. Lazarov},
	title = {Least-Squares Mixed Finite Elements for Second-Order Elliptic Problems},
	journal = {SIAM Journal on Numerical Analysis},
	year = 1994,
	volume = {31},
	number = 5,
	pages = {1368-1377},
	month = {October},

}

@article{Muhlhaus2005,
	author = {Muhlhaus, Hans-Bernd; Regenauer-Lieb, Klaus},
	title = {Towards a self-consistent plate mantle model that includes elasticity: simple benchmarks and application to basic modes of convection},
	journal = {Geophysical Journal International},
	year = 2005,
	volume = {163},
	number = 2,
	pages = {788-800(13)},
	month = {November},

}

