% Preface all labels with your initials, as in the example below.

@article{IK:OSKI-paper,
  author = "Richard Vuduc and James W. Demmel and Katherine A. Yelick",
  title = {OSKI: A library of automatically tuned sparse matrix kernels},
  journal = {Journal of Physics Conference Series},
  volume = {16},
  pages = {521-530},
  year = {2005},
  month = {Jan},
};

@phdthesis{IK:Vuduc,
  author = "Richard Vuduc",
  title = "Automatic Performance Tuning of Sparse Matrix Kernels",
  school = "University of California at Berkeley",
  year = "2005",
  month = "Dec",
  address = "Berkeley, CA",
};

@misc{IK:Vuduc-convo,
  author = "Richard Vuduc",
  title ="{Personal Communication}",
  year = "2008",
  month = "July"
};

@techreport{IK:OSKI-user,
  author = "Richard Vuduc and James W. Demmel and Katherine A. Yelick",
  title = "{The Optimized Sparse Kernel Interface (OSKI)} Library User's Guide for Version 1.0.1h",
  institution = "University of California at Berkeley",
  year = "2007",
  month = "June",
  address = "Berkeley, CA",
};

@misc{IK:OSKI-site,
  month = "May",
  year = "2008",
  howpublished = "http://bebop.cs.berkeley.edu/oski/about.html",
  title = "{OSKI: Optimized Sparse Kernel Interface}",
  author = "{Berkeley Benchmarking and OPtimization Group}",
};

@article{IK:Trilinos,
author = {Michael A. Heroux and Roscoe A. Bartlett and Vicki E. Howle and
Robert J. Hoekstra and Jonathan J. Hu and Tamara G. Kolda and Richard B.
Lehoucq and Kevin R. Long and Roger P. Pawlowski and Eric T. Phipps and Andrew
G. Salinger and Heidi K. Thornquist and Ray S. Tuminaro and James M.
Willenbring and Alan Williams and Kendall S. Stanley},
title = {An overview of the {T}rilinos project},
journal = {ACM Trans. Math. Softw.},
volume = {31},
number = {3},
year = {2005},
issn = {0098-3500},
pages = {397--423},
doi = {http://doi.acm.org/10.1145/1089014.1089021},
publisher = {ACM Press},
address = {New York, NY, USA},
};

@inproceedings{IK:PHiPAC,
 author = {Jeff Bilmes and Krste Asanovic and Chee-Whye Chin and Jim Demmel},
 title = {Optimizing matrix multiply using PHiPAC: a portable, high-performance, ANSI C coding methodology},
 booktitle = {ICS '97: Proceedings of the 11th international conference on Supercomputing},
 year = {1997},
 pages = {340--347},
 location = {Vienna, Austria},
 publisher = {ACM},
 address = {New York, NY, USA},
 };

@article{IK:ATLAS,
author = {R. Clint Whaley and Jack J. Dongarra},
title = {Automatically Tuned Linear Algebra Software},
journal = {Procceding of the 1998 ACM/IEEE conference on Supercomputing (CDROM)},
year = {1998},
month = {Nov},
pages = {1-27},
publisher = {IEEE Computer Society},
address = {San Jose, CA},
};

@article{IK:SBLAS,
 author = "Iain S. Duff and Michael A. Heroux and Roldan Pozo",
 title = "An overview of the sparse basic linear algebra subprograms: {T}he new standard from the {BLAS} technical forum",
 journal = "ACM Transactions on Mathematical Software (TOMS)",
 year = "2002",
 month = "June",
 number = "2",
 volume = "28",
 publisher = "ACM",
 address = "New York, NY, USA"
};

@Article{IK:BLAS,
  author =       "L. Susan Blackford and James Demmel and Jack Dongarra
                 and Iain Duff and Sven Hammarling and Greg Henry and
                 Michael Heroux and Linda Kaufman and Andrew Lumsdaine
                 and Antoine Petitet and Roldan Pozo and Karin Remington
                 and R. Clint Whaley",
  title =        "An updated set of {Basic Linear Algebra Subprograms
                 (BLAS)}",
  journal =      "{ACM} Transactions on Mathematical Software",
  volume =       "28",
  number =       "2",
  pages =        "135--151",
  month =        "jun",
  year =         "2002"
};

@techreport{IK:Aztec,
  author = "R. S. Tuminaro and M. A. Heroux and S. A.  Hutchinson and J. N. Shadid",
  year = "1999",
  title = "Official Aztec User's Guide: Version 2.1",
  institution = "Sandia National Laboratories",
  address = "Albuquerque, NM",
  number = "SAND99-8801J"
};

@techreport{IK:AztecOO,
  author = "M. A. Heroux",
  title = "AztecOO User Guide",
  institution = "Sandia National Laboratories",
  address = "Albuquerque, NM",
  number = "SAND2004-3796",
  month = "August",
  year = "2007"
};

@techreport{IK:Epetra-coding,
  author = "M. A. Heroux and P. M. Sexton",
  title = "Epetra Developers Coding Guidelines",
  institution = "Sandia National Laboratories",
  year = "2003",
  month = "December",
  address = "Albuquerque, NM",
  number = "SAND2003-4169"
};

@inproceedings{IK:LaPACK,
  title={LAPACK: A portable linear algebra library for high-performance computers},
  author={Angerson, E. and Bai, Z. and Dongarra, J. and Greenbaum, A. and McKenney, A. and Du Croz, J. and Hammarling, S. and Demmel, J. and Bischof, C. and Sorensen, D.},
  journal={Supercomputing '90. Proceedings of},
  year={1990},
  month={Nov},
  pages={2-11}
};

@misc{IK:Epetra-site,
  month = "May",
  year = "2008",
  howpublished = "{\newline{http://trilinos.sandia.gov/packages/epetra/index.html}}",
  title = "{Epetra - Home}",
  author = "{Sandia National Laboratories}"
};

@misc{IK:Kokkos-site,
  month = "May",
  year = "2008",
  howpublished = "http://trilinos.sandia.gov/packages/kokkos/index.html",
  title = "{Kokkos - Home}",
  author = "{Sandia National Laboratories}"
};

@misc{IK:Teuchos-site,
  month = "May",
  year = "2008",
  howpublished = "http://trilinos.sandia.gov/packages/teuchos",
  title = "{Teuchos - Home}",
  author = "{Sandia National Laboratories}",
}

@inproceedings{IK:loopfussion,
  author = "Guang R. Gao and Russ Olsen and Vivek Sarkar and Radhika Thekkath",
  title = "Collective Loop Fusion for Array Contraction",
  booktitle = "1992 Workshop on Languages and Compilers for Parallel Computing",
  number = "757",
  publisher = "Berlin: Springer Verlag",
  address = "New Haven, Conn.",
  pages = "281--295",
  year = "1992",
};
