@Proceedings{Attaway:1996,
  author      = {S. W. Attaway and others},
  year        = {1996},
  title       = {Parallel Contact Detection Algorithm for
                  Transient Solid Dynamics Simulations Using PRONTO3D},
  note        = {Symposium on Development, Validation, and Application
                  of Inelastic Methods for Structural Analysis and Design},
  note        = {ASME International Mechanical Engineering Congress and Exposition (MECE96)},
  address     = {Atlanta, GA},
}

@TechReport{Bell:2002,
  author      = {R. L. Bell and others},
  year        = {2002},
  title       = {{CTHGEN} User's Manual and Input Instructions},
  number      = {Version 5.0},
  type        = {Technical report},
  note        = {unpublished},
  institution = {Sandia National Laboratories},
  address     = {Albuquerque, NM},
}

@Article{Belytschko:1984,
  author      = {T. Belytschko and J. Ong and W. Liu and J. Kennedy},
  year        = {1984},
  journal     = {Computer Methods in Applied Mechanics and Engineering},
  volume      = {43},
  pages       = {251-276},
}

@Article{Benson:1989,
  author      = {D. J. Benson},
  year        = {1989},
  title       = {Vectorizing the Right-Hand Side Assembly in an Explicit
                  Finite Element Program},
  journal     = {Computer Methods in Applied Mechanics and Engineering},
  volume      = {73},
  pages       = {147-152},
}

@Article{Benson:1991,
  author      = {D. J. Benson},
  year        = {1991},
  title       = {A new two-dimensional flux-limited shock viscosity for impact calculations},
  journal     = {Computer Methods in Applied Mechanics and Engineering},
  volume      = {93},
  pages       = {39-95},
}

@TechReport{Bergman:1991,
  author      = {V. L. Bergman},
  year        = {1991},
  title       = {Transient Dynamic Analysis of Plates and Shells with {PRONTO 3D}},
  number      = {SAND91-1182},
  type        = {Technical report},
  institution = {Sandia National Laboratories},
  address     = {Albuquerque, NM},
}

@TechReport{Blacker:1998,
  author      = {T. D. Blacker},
  year        = {1988},
  month       = jul,
  title       = {{FASTQ} {U}sers {M}anual {V}ersion 1.2},
  number      = {SAND88-1326},
  type        = {Technical report},
  institution = {Sandia National Laboratories},
  address     = {Albuquerque, NM},
}

@TechReport{Brannon-Wong:1996,
  author      = {R. M. Brannon and M. K. Wong},
  year        = {1996},
  month       = aug,
  title       = {{MIG} {V}ersion 0.0 {M}odel {I}nterface {G}uidelines:
                  {R}ules to {A}ccelerate {I}nstallation of {N}umerical {M}odels
                  {I}nto {A}ny {C}ompliant {P}arent {C}ode},
  number      = {SAND96-2000},
  type        = {Technical report},
  institution = {Sandia National Laboratories},
  address     = {Albuquerque, NM},
}

@Proceedings{Breckenridge:1998,
  author      = {A. Breckenridge},
  year        = {1998},
  title       = {Teraflop Visualization},
  note        = {Virtual Environments 98},
  address     = {Stuttgart, Germany},
}

@TechReport{Brown-others:2003a,
  author      = {K. H. Brown and others},
  year        = {2003},
  month       = may,
  title       = {{ACME} {A}lgorithms for {C}ontact in a {M}ultiphysics {E}nvironment
                  {API} {V}ersion 1.3},
  number      = {SAND2003-1470},
  type        = {Technical report},
  institution = {Sandia National Laboratories},
  address     = {Albuquerque, NM},
}

@TechReport{Brown-others:2003,
  author      = {K. H. Brown and others},
  year        = {2003},
  title       = {{C}avity{E}xpansion: A Library for Cavity Expansion Algorithms,
                  Version 1.0},
  number      = {SAND2003-1048},
  type        = {Technical report},
  institution = {Sandia National Laboratories},
  address     = {Albuquerque, NM},
}

@TechReport{Budge:1991,
  author      = {K. G. Budge},
  year        = {1991},
  title       = {{PHYSLIB}: A {C}++ Tensor Class Library},
  number      = {SAND91-1752},
  type        = {Technical report},
  institution = {Sandia National Laboratories},
  address     = {Albuquerque, NM},
}

@Article{Budge-Peery:1993,
  author      = {K. G. Budge and J. S. Peery},
  year        = {1993},
  title       = {{RHALE}: A {MMALE} Shock Physics Code Written in {C}++},
  journal     = {International Journal of Impact Engineering},
  volume      = {14},
  pages       = {107-120},
}

@Book{Chakrabarty:1987,
  author      = {J. Chakrabarty},
  year        = {1987},
  title       = {Theory of Plasticity},
  publisher   = {McGraw-Hill Book Company},
  address     = {New York},
}

@Article{ZoltanOverviewArticle,
   author = {Karen Devine and Erik Boman and Robert Heaphy and Bruce Hendrickson and Courtenay Vaughan}, 
   title = {{Zoltan} Data Management Services for Parallel Dynamic Applications}, 
   journal = {Computing in Science and Engineering}, 
   year = {2002}, 
   volume = {4}, 
   number = {2}, 
   pages = {90--97} 
}

@TechReport{Dobratz-Crawford:1985,
  author      = {B. M. Dobratz and P. C. Crawford},
  title       = {{LLNL} Explosives Handbook},
  month       = jan,
  year        = {1985},
  number      = {UCRL-52997},
  type        = {Technical report},
  institution = {Lawrence Livermore National Laboratory},
  address     = {Livermore, California},
}

@Article{Drumheller:1982,
  author      = {D. S. Drumheller},
  year        = {1982},
  title       = {On the Dynamical Response of Particulate-loaded Materials.
                  {II}. A Theory with Application to Alumina Particles in an Epoxy Matrix},
  journal     = {Journal of Applied Physics},
  volume      = {53},
  number      = {2},
  pages       = {957-969},
}

@Book{Ellis-Stroustrup:1990,
  author      = {M. A. Ellis and B. Stroustrup},
  year        = {1990},
  title       = {The Annotated {C}++ Reference Manual},
  address     = {Reading, MA},
  publisher   = {Addison-Wesley Publishing Company},
}

@Article{Flanagan-Belytschko:1981,
  author      = {D. P. Flanagan and T. Belytschko},
  year        = {1981},
  title       = {A Uniform Strain Hexahedron and Quadrilateral with
                  Orthogonal Hourglass Control},
  journal     = {International Journal for Numerical Methods in Engineering},
  volume      = {17},
  pages       = {679-706},
}

@Proceedings{Fossum-Fredrich:2000,
  editor      = {A. F. Fossum and J. T. Fredrich},
  year        = {2000},
  title       = {Cap Plasticity Models and Compactive and Dilatant Pre-Failure Deformation},
  note        = {Pacific Rocks 2000},
  pages       = {1169-1176},
}

@TechReport{Fossum-Brannon:2004,
    author      = {A. F. Fossum and R. M. Brannon},
    year        = {2004},
    month       = August,
    title       = {The {SANDIA GEOMODEL} {Theory and User's Guide} },
    number      = {SAND2004-3226},
    type        = {Technical report},
    institution = {Sandia National Laboratories},
    address     = {Albuquerque, NM},
}


@TechReport{Gilkey-Glick:1989,
  author      = {A. P. Gilkey and J. H. Glick},
  year        = {1989},
  month       = jun,
  title       = {{BLOT} - {A} {M}esh and {C}urve {P}lot {P}rogram for the {O}utput
                  of a {F}inite {E}lement {A}nalysis},
  number      = {SAND88-1432},
  type        = {Technical report},
  institution = {Sandia National Laboratories},
  address     = {Albuquerque, NM},
}

@TechReport{Gilkey-Sjaardema:1989,
  author      = {A. P. Gilkey and G. D. Sjaardema},
  year        = {1989},
  month       = mar,
  title       = {{GEN3D}: {A} {GENESIS} {D}atabase 2{D} to 3{D} {T}ransformation {P}rogram},
  number      = {SAND89-0485},
  type        = {Technical report},
  note        = {Fourth Printing February 1994},
  institution = {Sandia National Laboratories},
  address     = {Albuquerque, NM},
}

@Article{Gropp:1996:HPI,
  author      = "W. Gropp and E. Lusk and N. Doss and A. Skjellum",
  title       = "A high-performance, portable implementation of the
                {MPI} message passing interface standard",
  journal     = "Parallel Computing",
  volume      = "22",
  number      = "6",
  pages       = "789--828",
  month       = sep,
  year        = "1996"
}

@Manual{Gropp:1996:mpich-user,
  author       = {William D. Gropp and Ewing Lusk},
  title        = {User's Guide for {\tt mpich}, a Portable Implementation of {MPI}},
  note         = "ANL-96/6",
  organization = {Mathematics and Computer Science Division, Argonne National Laboratory},
  year         = 1996
}

@TechReport{Hendrickson-Leland:1993,
  author      = {B. Hendrickson and R. Leland},
  year        = {1993},
  title       = {The {C}haco Users Guide Version 1.0},
  number      = {SAND93-2339},
  type        = {Technical report},
  institution = {Sandia National Laboratories},
  address     = {Albuquerque, NM},
}

@TechReport{Hennigan-StJohn-Shadid:1998,
  author      = {G. L. Hennigan and M. St. John and J. N. Shadid},
  year        = {1998},
  month       = may,
  title       = {{NEMESIS I}: A Set of Functions for Describing Unstructured
                  Finite-Element Data on Parallel Computers},
  institution = {Sandia National Laboratories},
  address     = {Albuquerque, NM},
}

@Proceedings{Hertel-others:1993,
  author      = {{E. S. Hertel Jr.} and others},
  year        = {1993},
  month       = jul,
  title       = {{CTH}: A Software Family for Multi-Dimensional Shock Physics Analysis},
  note        = {Proceedings of the 19th International Symposium on Shock Waves Vol. I},
  editor      = {R. Brun and L. D. Dumitrescu},
  address     = {Marseille, France},
}

@TechReport{Kerley:1991,
  author      = {G. I. Kerley},
  year        = {1991},
  title       = {{CTH} Reference Manual: The Equation of State Package},
  number      = {SAND91-0344},
  type        = {Technical report},
  institution = {Sandia National Laboratories},
  address     = {Albuquerque, NM},
}

@TechReport{Kerley:1998,
  author      = {G. I. Kerley},
  year        = {1998},
  title       = {{CTH} Reference Manual: The Equation of State Package},
  number      = {SAND98-0947},
  type        = {Technical report},
  institution = {Sandia National Laboratories},
  address     = {Albuquerque, NM},
}

@TechReport{Kerley:1999,
  author      = {G. I. Kerley},
  year        = {1999},
  month       = mar,
  title       = {Recent Improvements to the {CTH} {EOS} Package},
  number      = {KPS99-1},
  type        = {Technical report},
  institution = {Kerley Publishing Services},
}

@TechReport{Kerley:1992,
  author      = {G. I. Kerley},
  year        = {1992},
  title       = {{CTH} Equation of State Package: Porosity and Reactive Burn Models},
  number      = {SAND92-0553},
  type        = {Technical report},
  institution = {Sandia National Laboratories},
  address     = {Albuquerque, NM},
}


@Book{Kythe:1998,
  author =	 {Kythe, P. K.},
  ALTeditor = 	 {},
  title = 	 {Computational Conformal Mapping},
  publisher = 	 {Birkh\"{a}user},
  year = 	 {1998},
  OPTkey = 	 {},
  OPTvolume = 	 {},
  OPTnumber = 	 {},
  OPTseries = 	 {},
  OPTaddress = 	 {},
  OPTedition = 	 {},
  OPTmonth = 	 {},
  OPTnote = 	 {},
  OPTannote = 	 {}
}

@TechReport{Margolin:1988,
  author      = {L. G. Margolin},
  year        = {1988},
  title       = {A Centered Artificial Viscosity for Cells with Large Aspect Ratios},
  number      = {UCRL-53882},
  type        = {Technical report},
  institution = {Lawrence Livermore National Laboratory},
  address     = {Livermore, CA},
}

@Proceedings{Margolin-Pyun:1987,
  author      = {L. G. Margolin and J. J. Pyun},
  year        = {1987},
  title       = {A Method for Treating Hourglass Patterns},
  note        = {Proceedings of the Fifth International Conference on
                  Numerical Methods in Laminar and Turbulent Flow},
  address     = {Montreal, Canada},
}

@TechReport{McGlaun:1991,
  author      = {J. M. McGlaun},
  year        = {1991},
  title       = {{CTH} Reference Manual: Cell Thermodynamics},
  number      = {SAND91-0002},
  type        = {Technical report},
  institution = {Sandia National Laboratories},
  address     = {Albuquerque, NM},
}

@TechReport{McGlaun-Thompson-Elrick:1989,
  author      = {J. M. McGlaun and S. L. Thompson and M. G. Elrick},
  year        = {1989},
  title       = {A brief description of the three-dimensional shock wave physics code {CTH}},
  number      = {SAND89-0607},
  type        = {Technical report},
  institution = {Sandia National Laboratories},
  address     = {Albuquerque, NM},
}

@TechReport{Peery-Carroll:1999,
  author      = {J. S. Peery and D. E. Carroll},
  year        = {1999},
  title       = {{ALE} Remap Algorithms in {ALEGRA}},
  type        = {Unpublished Technical Report},
  institution = {Sandia National Laboratories},
  address     = {Albuquerque, NM},
}

@Article{Ranke-Katz-Werner:1983,
  author      = {E. Ranke and C. Katz and H. Werner},
  year        = {1983},
  journal     = {International Journal for Numerical Methods in Engineering},
  volume      = {19},
  pages       = {1771-1782},
}

@Book{Reddy:1984,
  author      = {J. N. Reddy},
  year        = {1984},
  title       = {An Introduction to the Finite Element Method},
  publisher   = {McGraw-Hill, Inc},
  address     = {New York},
}

@InBook{Rice-McQueen-Walsh:1958,
  author      = {M. H. Rice and R. G. McQueen and J. M. Walsh},
  year        = {1958},
  chapter     = {Compression of Solids by Strong Shock Waves},
  title       = {Advances in Research and Applications: Solid State Physics},
  volume      = {6},
  editor      = {F. Seitz and D. Turnbull},
  publisher   = {Academic Press},
  adress      = {New York},
}

@TechReport{Robinson:1999,
  author      = {A. C. Robinson and J. R. Weatherby and J. B. Aidun},
  year        = {1999},
  month       = nov,
  title       = {Periodic Boundary Conditions in the {ALEGRA} Finite Element Code},
  number      = {SAND99-2698},
  type        = {Technical report},
  institution = {Sandia National Laboratories},
  address     = {Albuquerque, NM},
}

@TechReport{Schoof-Yarberry:1995,
  author      = {L. A. Schoof and V. R. Yarberry},
  year        = {1995},
  month       = nov,
  title       = {{EXODUS II}: {A} {F}inite {E}lement {D}ata {M}odel},
  number      = {SAND92-2137},
  type        = {Technical report},
  institution = {Sandia National Laboratories},
  address     = {Albuquerque, NM},
}

@TechReport{Silling:1991,
  author      = {S. A. Silling},
  year        = {1991},
  title       = {{CTH} Reference Manual: Viscoplastic Models},
  number      = {SAND91-0292},
  type        = {Technical report},
  institution = {Sandia National Laboratories},
  address     = {Albuquerque, NM},
}

@TechReport{Silling:1992,
  author      = {S. A. Silling},
  year        = {1992},
  title       = {{CTH} Reference Manual: Johnson-Holmquist Ceramic Model},
  number      = {SAND92-0576},
  type        = {Technical report},
  institution = {Sandia National Laboratories},
  address     = {Albuquerque, NM},
}

@Article{Silling:1997,
  author      = {S. A. Silling},
  year        = {1997},
  title       = {Brittle Failure Kinetics Model for Concrete:
                  Structures Under Extreme Loading Conditions},
  journal     = {ASME: PVP},
  volume      = {351},
  pages       = {263-268},
}

@TechReport{Sjaardema:1992a,
  author      = {G. D. Sjaardema},
  year        = {1992},
  month       = dec,
  title       = {{GJOIN}: {A} {P}rogram for {M}erging {T}wo or {M}ore {GENESIS} {D}atabases},
  number      = {SAND92-2290},
  type        = {Technical report},
  institution = {Sandia National Laboratories},
  address     = {Albuquerque, NM},
}

@TechReport{Sjaardema:1992b,
  author      = {G. D. Sjaardema},
  year        = {1992},
  month       = dec,
  title       = {{APREPRO}: {A}n {A}lgebraic {P}reprocessor for {P}arameterizing
                  {F}inite {E}lement {A}nalyses},
  number      = {SAND92-2291},
  type        = {Technical report},
  note        = {Updated March 1997},
  institution = {Sandia National Laboratories},
  address     = {Albuquerque, NM},
}

@TechReport{Sjaardema:1992c,
  author      = {G. D. Sjaardema},
  year        = {1992},
  month       = dec,
  title       = {{GROPE}: {A} {GENESIS/EXODUS} {D}atabase {E}xamination {P}rogram},
  number      = {SAND92-2289},
  type        = {Technical report},
  institution = {Sandia National Laboratories},
  address     = {Albuquerque, NM},
}

@TechReport{Sjaardema:1993,
  author      = {G. D. Sjaardema},
  year        = {1993},
  month       = jan,
  title       = {{O}verview of the {S}andia {N}ational {L}aboratories
                  {E}ngineering {A}nalysis {C}ode {A}ccess {S}ystem},
  number      = {SAND92-2292},
  type        = {Technical report},
  note        = {Reprinted August 1994},
  institution = {Sandia National Laboratories},
  address     = {Albuquerque, NM},
}

@TechReport{Sjaardema:1994,
  author      = {G. D. Sjaardema and others},
  year        = {1994},
  title       = {{CUBIT} Mesh Generation Environment, Vol. 2: Developers Manual},
  number      = {SAND94-1101},
  type        = {Technical report},
  institution = {Sandia National Laboratories},
  address     = {Albuquerque, NM},
}

@Article{Summers-others:1997,
  author      = {R. M. Summers and others},
  year        = {1997},
  title       = {Recent progress in {ALEGRA} development and
                  application to ballistic impacts},
  journal     = {International Journal of Impact Engineering},
  volume      = {20},
  pages       = {779-788},
}

@TechReport{Taylor-Flanagan:1987,
  author      = {L. M. Taylor and D. P. Flanagan},
  year        = {1987},
  month       = mar,
  title       = {{PRONTO-2D}: A Two-Dimensional Transient Solid Dynamics Program},
  number      = {SAND86-0594},
  type        = {Technical report},
  institution = {Sandia National Laboratories},
  address     = {Albuquerque, NM},
}

@TechReport{Taylor-Flanagan:1989,
  author      = {L. M. Taylor and D. P. Flanagan},
  year        = {1989},
  month       = mar,
  title       = {{PRONTO3D}: A Three-Dimensional Transient Solid Dynamics Program},
  number      = {SAND87-1912},
  type        = {Technical report},
  institution = {Sandia National Laboratories},
  address     = {Albuquerque, NM},
}

@TechReport{Taylor:1992,
  author      = {P. A. Taylor},
  year        = {1992},
  title       = {{CTH} Reference Manual: The Steinberg-Guinan-Lund Viscoplastic Model},
  number      = {SAND92-0716},
  type        = {Technical report},
  institution = {Sandia National Laboratories},
  address     = {Albuquerque, NM},
}

@TechReport{Taylor:1996,
  author      = {P. A. Taylor},
  year        = {1996},
  title       = {{CTH} Reference Manual: The Bammann-Chiesa-Johnson
                  Viscoplastic/Damage Model},
  number      = {SAND96-1626},
  type        = {Technical report},
  institution = {Sandia National Laboratories},
  address     = {Albuquerque, NM},
}


@Book{Thompson-Warsi-Mastin:1985,
  author =	 {Thompson, J. F. and Warsi, Z. U. A. and Mastin, C. W.},
  ALTeditor = 	 {},
  title = 	 {Numerical Grid Generation},
  publisher = 	 {Elsevier Science Publishing Co.},
  year = 	 {1985},
  OPTkey = 	 {},
  OPTvolume = 	 {},
  OPTnumber = 	 {},
  OPTseries = 	 {},
  OPTaddress = 	 {},
  OPTedition = 	 {},
  OPTmonth = 	 {},
  note =	 {www.erc.msstate.edu/publications/gridbook/index.html},
  OPTannote = 	 {}
}

@TechReport{Thompson-Kmetyk:1991,
  author      = {S. L. Thompson and L. N. Kmetyk},
  year        = {1991},
  month       = sep,
  title       = {{HISPLT}, {A} {T}ime-{H}istory {G}raphics {P}ostprocessor {U}sers' {G}uide},
  number      = {SAND91-1767},
  type        = {Technical report},
  note        = {Revised April 1994},
  institution = {Sandia National Laboratories},
  address     = {Albuquerque, NM},
}

@Article{Walsh-Christian:1955,
  author      = {J. M. Walsh and R. H. Christian},
  title       = {Equation of State of Metals from Shock Wave Measurements},
  year        = {1955},
  journal     = {Physical Review},
  volume      = {97},
  number      = {6},
  pages       = {1544-1556},
}

@Proceedings{Wong-others:2001,
  author      = {M. K. Wong and others},
  year        = {2001},
  month       = jun,
  title       = {Physics Applications in the ALEGRA Framework},
  note        = {First {MIT} Conference on Computational Fluid and Solid Mechanics},
}
