@book{mpi,
	AUTHOR = "Gropp, W. and Lusk, E. and Skjellum, A.",
	title  = "Using {MPI}: portable parallel programming with the 
                  Message-Passing Interface",
	publisher = "MIT Press",
	address = "Cambridge, Massachusetts",
	year    = "1994"
}

@TechReport{chaco,
  author = 	 "Hendrickson, B. and Leland, R.",
  title = 	 "The {C}haco User's Guide - Version 1.0",
  institution =  "Sandia National Laboratories",
  year = 	 1993,
  number =	 "Sand93-2339",
  address =	 "Albuquerque NM, 87185",
  month =	 "August"
}

@TechReport{aztec-alg,
  author = 	 "Shadid, J. N. and Tuminaro, R. S.",
  title = 	 "Aztec - A Parallel Preconditioned {K}rylov Solver
		  Library: Algorithm Description Version 1.0",
  institution =  "Sandia National Laboratories",
  year = 	 1995,
  number =	 "Sand95:in preparation",
  address =	 "Albuquerque NM, 87185",
  month =	 "August"
}

@Article{aztec-utils,
  author = 	 "Tuminaro, R. S. and Shadid, J. N. and Hutchinson, S. A.",
  title = 	 "Parallel Sparse Matrix Vector Multiply Software for
		  Matrices with Data Locality",
  journal = 	 "Concurrency: Practice and Experience",
  year = 	 "1997",
  volume = 	 "",
  number = 	 "",
  pages = 	 "",
  month = 	 "August",
  note = 	 "",
  annote = 	 ""
}
@Article{concurrency,
  author = 	 "Shadid, J. N. and Tuminaro, R. S.",
  title = 	 "Sparse Iterative Algorithm Software for Large-Scale
		  {MIMD} Machines: An Initial Discussion and Implementation",

  journal = 	 "Concurrency: Practice and Experience",
  year = 	 "1992",
  volume = 	 "4",
  number = 	 "6",
  pages = 	 "481-497",
  month = 	 "September",
  note = 	 "",
  annote = 	 ""
}

@TechReport{sparker2,
  author = 	 "Carney, S. and Heroux, M. and Li, G.",
  title = 	 "A proposal for a sparse {BLAS} toolkit",
  institution =  "Cray Research Inc.",
  year = 	 "1993",
  address =	 "Eagen, MN",
  month = 	 "",
  note = 	 "",
  annote = 	 ""
}
 
@TechReport{y12m,
  author = 	 "Zlatev, Z. and Barker, V.A. and Thomsen, P.G.",
  title = 	 "{SSLEST} -  a  {FORTRAN  IV}  Subroutine  for Solving
		  Sparse Systems of Linear Equations (USER's GUIDE)",
  institution =  "Institute  for   Numerical Analysis, Technical
		  University  of Denmark  ",
  year = 	 "1978",
  address =	 "Lyngby,Denmark ",
  month = 	 "",
  note = 	 "",
  annote = 	 "Report 78-01"
}


@Article{ilut,
  author = 	 "Y. Saad",
  title = 	 "{ILUT:} A dual threshold incomplete {ILU}
        factorization",
  journal = 	 "Numerical Linear Algebra with Applications",
  year = 	 "1994",
  volume = 	 "1",
  pages = 	 "387-402",
  month = 	 "",
  note = 	 "",
  annote = 	 ""
}
@Article{icc,
  author = 	 "Meijerink, J. A. and  van der Vorst, H. A.",
  title = 	 "An iterative solution method for systems of
                  which the coefficient matrix is a symmetric
                  M-matrix",
  journal = 	 "Math. Comp.",
  year = 	 "1977",
  volume = 	 "31",
  number = 	 "137",
  pages = 	 "148-162",
  month = 	 "",
  note = 	 "",
  annote = 	 ""
}
@Article{milu,
  author = 	 "Gustafsson, I.",
  title = 	 "A class of first-order factorization methods",
  journal = 	 "Bit",
  year = 	 "1978",
  volume = 	 "18",
  number = 	 "",
  pages = 	 "142-156",
  month = 	 "",
  note = 	 "",
  annote = 	 ""
}

