% This file was created with JabRef 2.7b.
% Encoding: UTF-8

@BOOK{Cheng1989,
  title = {Field and Wave Electromagnetics},
  publisher = {Addison-Wesley},
  year = {1989},
  author = {Cheng, David K.},
  edition = {2nd}
}

@ARTICLE{IGRF,
  author = {International Association of Geomagnetism and Aeronomy, Working Group
	V-MOD. Participating members and Finlay, C. C. and Maus, S. and Beggan,
	C. D. and Bondar, T. N. and Chambodut, A. and Chernova, T. A. and
	Chulliat, A. and Golovkov, V. P. and Hamilton, B. and Hamoudi, M.
	and Holme, R. and Hulot, G. and Kuang, W. and Langlais, B. and Lesur,
	V. and Lowes, F. J. and Lühr, H. and Macmillan, S. and Mandea, M.
	and McLean, S. and Manoj, C. and Menvielle, M. and Michaelis, I.
	and Olsen, N. and Rauberg, J. and Rother, M. and Sabaka, T. J. and
	Tangborn, A. and Tøffner-Clausen, L. and Thébault, E. and Thomson,
	A. W. P. and Wardinski, I. and Wei, Z. and Zvereva, T. I.},
  title = {International Geomagnetic Reference Field: the eleventh generation},
  journal = {Geophysical Journal International},
  year = {2010},
  volume = {183},
  pages = {1216--1230},
  number = {3},
  doi = {10.1111/j.1365-246X.2010.04804.x},
  issn = {1365-246X},
  keywords = {Magnetic field, Satellite magnetics},
  publisher = {Blackwell Publishing Ltd},
  url = {http://dx.doi.org/10.1111/j.1365-246X.2010.04804.x}
}

@MANUAL{ESCRIPT,
  title = {esys-Escript User’s Guide: Solving Partial Differential Equations
	with Escript and Finley. Release - 3.2},
  author = {Lutz Gross and Cihan Altinay  and  Amirbekyan, Artak  and  Joel Fenwick
	 and  Louise M. Olsen-Kettle  and  Ken Steube  and  Leon Graham and
	Hans B Muhlhaus},
  organization = {The University of Queensland},
  address = {Australia},
  year = {2010},
  owner = {gross},
  timestamp = {2013.01.18},
  url = {http://espace.library.uq.edu.au/view/UQ:253350}
}

@ARTICLE{Hager2006,
  author = {Hager, William W. and Zhang, Hongchao},
  title = {A survey of nonlinear conjugate gradient methods},
  journal = {Pac. J. Optim.},
  year = {2006},
  volume = {2},
  pages = {35--58},
  number = {1}
}

@MANUAL{ESCRIPTCOOKBOOK,
  title = {The escript cookbook: Release - 3.2 (r3422)},
  author = {Antony Hallam  and  Lutz Gross  and  Cihan Altinay  and  Artak Amirbekyan
	 and  Artak  and  Joel Fenwick  and  Lin Gao},
  organization = {The Univeristy of Queensland},
  address = {Australia},
  year = {2010},
  owner = {gross},
  timestamp = {2013.01.18},
  url = {http://espace.library.uq.edu.au/view/UQ:253354}
}

@ARTICLE{matplotlib,
  author = {Hunter, J. D.},
  title = {Matplotlib: A 2D graphics environment},
  journal = {Computing In Science \& Engineering},
  year = {2007},
  volume = {9},
  pages = {90--95},
  number = {3},
  publisher = {IEEE COMPUTER SOC}
}

@ARTICLE{AGRF,
  author = {Jones, W. and Crosthwaite, P. and Hitchman, A. and Lewis, A. and
	Wang, L.},
  title = {Geoscience Australia's Geomagnetism Program -- Assisting geophysical
	exploration},
  journal = {ASEG Extended Abstracts},
  volume = {2012},
  pages = {1--3},
  number = {1},
  year = {2012},
  publisher = {CSIRO}
}

@ARTICLE{Moorkamp2011,
  author = {Moorkamp, Max and Heincke, Björn and Jegen, Marion and Roberts, Alan
	W. and Hobbs, Richard W.},
  title = {A framework for 3-D joint inversion of MT, gravity and seismic refraction
	data},
  journal = {Geophysical Journal International},
  year = {2011},
  volume = {184},
  pages = {477--493},
  number = {1},
  doi = {10.1111/j.1365-246X.2010.04856.x},
  issn = {1365-246X},
  keywords = {Inverse theory, Gravity anomalies and Earth structure, Magnetotelluric,
	Seismic tomography},
  publisher = {Blackwell Publishing Ltd},
  url = {http://dx.doi.org/10.1111/j.1365-246X.2010.04856.x}
}

@ARTICLE{MoreThuente1992,
  author = {Jorge J. More and David J. Thuente},
  title = {Line Search Algorithms With Guaranteed Sufficient Decrease},
  journal = {ACM Trans. Math. Software},
  year = {1992},
  volume = {20},
  pages = {286--307}
}

@ARTICLE{Nocedal1980,
  author = {Nocedal, Jorge},
  title = {Updating quasi-{N}ewton matrices with limited storage},
  journal = {Math. Comp.},
  year = {1980},
  volume = {35},
  pages = {773--782},
  number = {151},
  coden = {MCMPAF},
  doi = {10.2307/2006193},
  fjournal = {Mathematics of Computation},
  issn = {0025-5718},
  mrclass = {65K05 (90C30)},
  mrnumber = {572855 (81g:65077)},
  mrreviewer = {Aur{\'e}l Gal{\'a}ntai},
  url = {http://dx.doi.org/10.2307/2006193}
}

@BOOK{Nocedal2006,
  title = {Numerical Optimization},
  publisher = {Springer},
  year = {2006},
  author = {Nocedal, Jorge and Wright, Stephen J.},
  edition = {2nd}
}

@TECHREPORT{Shewchuk1994,
  author = {Jonathan Richard Shewchuk},
  title = {An introduction to the conjugate gradient method without the agonizing
	pain},
  institution = {Carnegie Mellon University, Pittsburgh},
  year = {1994}
}

@MISC{netCDF,
  title = {netCDF},
  howpublished = {http://www.unidata.ucar.edu/software/netcdf},
  key = {netcdf},
  url = {http://www.unidata.ucar.edu/software/netcdf}
}

