@article{Moorkamp2011,
    author = {Moorkamp, Max and Heincke, Björn and Jegen, Marion and Roberts, Alan W. and Hobbs, Richard W.},
    title = {A framework for 3-D joint inversion of MT, gravity and seismic refraction data},
    journal = {Geophysical Journal International},
    volume = {184},
    number = {1},
    publisher = {Blackwell Publishing Ltd},
    issn = {1365-246X},
    url = {http://dx.doi.org/10.1111/j.1365-246X.2010.04856.x},
    doi = {10.1111/j.1365-246X.2010.04856.x},
    pages = {477--493},
    keywords = {Inverse theory, Gravity anomalies and Earth structure, Magnetotelluric, Seismic tomography},
    year = {2011},
}

@techreport{Shewchuk1994,
    author = {Jonathan Richard Shewchuk},
    title = {An introduction to the conjugate gradient method without the agonizing pain},
    institution = {Carnegie Mellon University, Pittsburgh},
    year = {1994}
}

@book{Nocedal2006,
    author = {Nocedal, Jorge and Wright, Stephen J.},
    title = {Numerical Optimization},
    publisher = {Springer},
    year = {2006},
    edition = {2nd}
}

@article {Nocedal1980,
    AUTHOR = {Nocedal, Jorge},
     TITLE = {Updating quasi-{N}ewton matrices with limited storage},
   JOURNAL = {Math. Comp.},
  FJOURNAL = {Mathematics of Computation},
    VOLUME = {35},
      YEAR = {1980},
    NUMBER = {151},
     PAGES = {773--782},
      ISSN = {0025-5718},
     CODEN = {MCMPAF},
   MRCLASS = {65K05 (90C30)},
  MRNUMBER = {572855 (81g:65077)},
MRREVIEWER = {Aur{\'e}l Gal{\'a}ntai},
       DOI = {10.2307/2006193},
       URL = {http://dx.doi.org/10.2307/2006193},
}

@article{Hager2006,
    author = {Hager, William W. and Zhang, Hongchao},
    title = {A survey of nonlinear conjugate gradient methods},
    journal = {Pac. J. Optim.},
    volume = {2},
    number = {1},
    pages = {35--58},
    year = {2006}
}

@article{MoreThuente1992,
    author = {Jorge J. More and David J. Thuente},
    title = {Line Search Algorithms With Guaranteed Sufficient Decrease},
    journal = {ACM Trans. Math. Software},
    year = {1992},
    volume = {20},
    pages = {286--307}
}

@book{Cheng1989,
    author = {Cheng, David K.},
    title = {Field and Wave Electromagnetics},
    publisher = {Addison-Wesley},
    year = {1989},
    edition = {2nd}
}

@article{IGRF,
    author = {International Association of Geomagnetism and Aeronomy, Working Group V-MOD. Participating members and Finlay, C. C. and Maus, S. and Beggan, C. D. and Bondar, T. N. and Chambodut, A. and Chernova, T. A. and Chulliat, A. and Golovkov, V. P. and Hamilton, B. and Hamoudi, M. and Holme, R. and Hulot, G. and Kuang, W. and Langlais, B. and Lesur, V. and Lowes, F. J. and Lühr, H. and Macmillan, S. and Mandea, M. and McLean, S. and Manoj, C. and Menvielle, M. and Michaelis, I. and Olsen, N. and Rauberg, J. and Rother, M. and Sabaka, T. J. and Tangborn, A. and Tøffner-Clausen, L. and Thébault, E. and Thomson, A. W. P. and Wardinski, I. and Wei, Z. and Zvereva, T. I.},
    title = {International Geomagnetic Reference Field: the eleventh generation},
    journal = {Geophysical Journal International},
    volume = {183},
    number = {3},
    publisher = {Blackwell Publishing Ltd},
    issn = {1365-246X},
    url = {http://dx.doi.org/10.1111/j.1365-246X.2010.04804.x},
    doi = {10.1111/j.1365-246X.2010.04804.x},
    pages = {1216--1230},
    keywords = {Magnetic field, Satellite magnetics},
    year = {2010},
}

@article{AGRF,
  title={Geoscience Australia's Geomagnetism Program -- Assisting geophysical exploration},
  author={Jones, W. and Crosthwaite, P. and Hitchman, A. and Lewis, A. and Wang, L.},
  journal={ASEG Extended Abstracts},
  volume={2012},
  number={1},
  pages={1--3},
  publisher={CSIRO}
}

