Created by Kbib version 0.6.5
\#Last modified: Wed May 20 10:08:05 2009

@Book{ SAAD,
	author = "Y. Saad",
	title = "{Iterative Methods for Sparse Linear Systems}",
	publisher = "PWS Publishing Company",
	year = "1996",
	address = "20 Park Plaza, Boston, MA 02116, USA"
}

@Book{ WEISS,
	author = "R. Weiss",
	title = "{Parameter-Free Iterative Linear Solvers}",
	publisher = "Akademie Verlag",
	year = "1996",
	series = "{Mathematical Research, vol.\ 97}",
	address = "Berlin"
}

@Book{ Multigrid,
	author = {U. Trottenberg and C. W. Oosterlee and A. Sch{\"u}ller},
	title = "{Multigrid}",
	publisher = "Academic Press",
	year = "2001"
}

@Book{ AMG,
	author = "Y. Shapira",
	title = "{Matrix-Based Multigrid}",
	publisher = "Springer",
	year = "2008"
}

@Book{ NumHand,
	author = "P.~G. Ciarlet and J.~L. Lions",
	title = "{Handbook of Numerical Analysis}",
	publisher = "North Holland",
	year = "1991",
	volume = "2",
	address = "Amsterdam"
}

@InProceedings{ NUMARRAY,
	title = "{An Array Module for Python}",
	booktitle = "{Astronomical Data Analysis Software and Systems XI}",
	author = "Todd Miller and Jin-Chung Hsu and Perry Greenfield and Richard L. White",
	year = "2001"
}

@Book{ Zienc,
	author = "O.~C. Zienkiewicz",
	title = "{The Finite Element Method in Engineering Science}",
	publisher = "McGraw-Hill",
	year = "1971",
	address = "London",
	edition = "second"
}

@Article{ SUPG2,
	author = "H.C. Elman and A. Ramage",
	title = "{An Analysis of Smoothing Effects of Upwinding Strategies For The Convection-Diffusion Equation}",
	journal = "SIAM J. Numer. Anal.",
	year = "2002",
	volume = "40",
	number = "1",
	pages = "254--281"
}

@Book{ TURCOTTE2002,
	author = "Donald L. Turcotte and Gerald Schubert",
	title = "{Geodynamics}",
	publisher = "Cambridge University Press",
	year = 2002,
	edition = "Second"
}

@Article{ MORESI2003,
	title = "{A {Lagrangian} integration point finite element method for large deformation modeling of viscoelastic geomaterials}",
	author = "L. Moresi and F. Dufour and H.--B. Muhlhaus",
	journal = "Journal of Computational Physics",
	pages = "476--497",
	number = 184,
	year = 2003
}

@Article{ GROSZ99c,
	author = "L.~Grosz",
	title = "{Preconditioning by Incomplete Block Elimination}",
	journal = "J. of Num. Lin. Alg. with Appl.",
	year = "2000",
	note = "to appear"
}

@Book{ VTK,
	author = "Inc {The Kitware}",
	title = "{Visualization Toolkit User's Guide.}",
	publisher = "Kitware, Inc publishers.",
	year = "1971",
	address = "London",
	edition = "second"
}

@Article{ BOURGOUIN2006,
	author = "L. Bourgouin and H. Muhlhaus and A. J. Hale and A. Arsac",
	title = "{Towards realistic simulations of lava dome growth using the level set method}",
	journal = "Acta Geotechnica",
	year = "2006",
	volume = "1",
	number = "4",
	pages = "225--236"
}

@Article{ SUSSMAN1994,
	author = "M. Sussman and P. Smereka and S. Osher",
	title = "{A Level Set Approach for Computing Solutions to Incompressible Two-Phase Flow}",
	journal = "Journal of Computational Physics",
	year = "1994",
	volume = "114",
	pages = "146--159"
}

@Article{ LIN2005,
	author = "C. Lin and H. Lee and T. Lee and L. J. Weber",
	title = "{A Level Set Characteristic Galerkin Finite Element Method for Free Surface Flows}",
	journal = "International Journal for Numerical Methods in Fluids",
	year = "2005",
	volume = "49",
	pages = "521--547"
}

@Article{ SUCKALE2008,
	author = "J. Suckale and J. C. Have",
	title = "{An alternative numerical model of buoyancy driven flows}",
	year = "2008",
	pages = "1--43"
}

@Article{ GROSS2006,
	author = "L. Gross and L. Bourgouin and A. J. Hale and H.-B Muhlhaus",
	title = "{Interface Modeling in Incompressible Media using Level Sets in Escript}",
	journal = "Physics of the Earth and Planetary Interiors",
	year = 2007,
	volume = "163",
	pages = "23--34",
	month = "Aug.",
	doi = "doi:10.1016/j.pepi.2007.04.004"
}

@Article{ VANKEKEN1997,
	author = "P. E. {van Keken} and S. D. King and H. Schmeling and U. R. Christensen and D. Neumeister and M. P. Doin",
	title = "{A comparison of methods for the modeling of thermochemical convection}",
	journal = "J. Geophys. Res.",
	year = "1997",
	volume = "102",
	number = "B10",
	pages = "22477--22495"
}

@Article{ AAMIRBERKYAN2008,
	author = "A. Amirberkyan and L. Gross",
	title = "{Efficient Solvers for Incompressible Fluid Flows in Geosciences}",
	journal = "ANZIAM Journal",
	year = "2008",
	volume = "50",
	pages = "C189--C203"
}

@Article{ MBENZI2005,
	author = "M. Benzi and G. H. Golub and J. Liesen",
	title = "{Numerical solution of saddle point problems}",
	journal = "Acta Numerica",
	year = "2005",
	volume = "14",
	pages = "1--137"
}

@Misc{ OPENDX,
	key = "opendx",
	title = "{OpenDX}",
	howpublished = "http://www.opendx.org/",
	url = "http://www.opendx.org/"
}

@Misc{ netCDF,
	key = "netcdf",
	title = "{netCDF}",
	howpublished = "http://www.unidata.ucar.edu/software/netcdf",
	url = "http://www.unidata.ucar.edu/software/netcdf"
}

@Misc{ UMFPACK,
	key = "umfpack",
	howpublished = "http://www.cise.ufl.edu/research/sparse/umfpack/",
	url = "http://www.cise.ufl.edu/research/sparse/umfpack/"
}

@Misc{ MKL,
	key = "MKL",
	title = "{INTEL's Math Kernel Library}"
}

@Misc{ VisIt,
	key = "visit",
	title = "{VisIt homepage}",
	howpublished = "https://wci.llnl.gov/codes/visit/home.html",
	url = "https://wci.llnl.gov/codes/visit/home.html"
}

@Misc{ OPENMP,
	key = "openmp",
	title = "{OpenMP}",
	howpublished = "http://openmp.org",
	url = "http://openmp.org"
}

@Misc{ MPI,
	key = "mpi",
	title = "{MPI}",
	howpublished = "http://www.mpi-forum.org",
	url = "http://www.mpi-forum.org"
}

@Book{ LBB,
	author = "V. Girault and P. A. Raviart",
	title = "{Finite Element Methods for Navier-Stokes Equations- Theory and Algorithms}",
	publisher = "Springer Verlag, Berlin",
	year = 1986
}

@Misc{ SCSL,
	title = "{SCSL (Scientific Computing Software Library)}",
	url = "http://www.sgi.com/products/software/irix/scsl.html"
}

@Manual{ GMSH,
	title = "{Gmsh Reference Manual}",
	author = "Christophe Geuzaine and Jean-Francois Remacle",
	edition = "1.12",
	month = "Aug",
	year = 2003,
	url = "http://www.geuz.org/gmsh"
}

@Article{ RILU,
	title = "{ARMS: an algebraic recursive multilevel solver for general sparse linear systems}",
	author = "B. Suchomel and Y. Saad",
	journal = "Numerical Linear Algebra with Applications",
	pages = "1099--1506",
	volume = "9",
	number = 5,
	year = 2002
}

@Article{ PASTIX,
	author = "P. H{\'e}non and P. Ramet and J. Roman",
	title = "{{PaStiX}: A High-Performance Parallel Direct Solver for Sparse Symmetric Definite Systems}",
	journal = "Parallel Computing",
	year = "2002",
	volume = "28",
	number = "2",
	pages = "301--321",
	month = jan
}

@Article{ Trilinos,
	author = "Michael A. Heroux and Roscoe A. Bartlett and Vicki E. Howle and Robert J. Hoekstra and Jonathan J. Hu and Tamara G. Kolda and Richard B. Lehoucq and Kevin R. Long and Roger P. Pawlowski and Eric T. Phipps and Andrew G. Salinger and Heidi K. Thornquist and Ray S. Tuminaro and James M. Willenbring and Alan Williams and Kendall S. Stanley",
	title = "{An overview of the Trilinos project}",
	journal = "ACM Trans. Math. Softw.",
	volume = "31",
	number = "3",
	year = "2005",
	pages = "397--423",
	publisher = "ACM Press",
	address = "New York, NY, USA"
}

@Article{ SuperLU,
	author = "James W. Demmel and Stanley C. Eisenstat and John R. Gilbert and Xiaoye S. Li and Joseph W. H. Liu",
	title = "{A supernodal approach to sparse partial pivoting}",
	journal = "SIAM J. Matrix Analysis and Applications",
	year = "1999",
	volume = "20",
	number = "3",
	pages = "720--755"
}

@Misc{ RIGHTHANDRULE,
        key="RHR",
	title = "{Right-hand rule}",
	howpublished = "http://en.wikipedia.org/wiki/Right-hand_rule",
	url = "http://en.wikipedia.org/wiki/Right-hand_rule"
}

@Misc{ TETGEN,
	title = "{TetGen: A Quality Tetrahedral Mesh Generator and Three-Dimensional Delaunay Triangulator}",
	author = "Hang Si",
	month = "Jan",
	year = 2008,
	howpublished = "http://tetgen.berlios.de",
	url = "http://tetgen.berlios.de"
}

@Misc{ NETGEN,
	title = "{Netgen 1.4}",
	author = "Tim Edwards",
	howpublished = "http://opencircuitdesign.com/netgen/",
	url = "http://opencircuitdesign.com/netgen/"
}

@Article{ ELMAN,
title = "Efficient preconditioning of the linearized Navier-Stokes equations for incompressible flow",
journal = "Journal of Computational and Applied Mathematics",
volume = "128",
number = "1--2",
pages = "261--279",
year = "2001",
note = "",
issn = "0377-0427",
doi = "DOI: 10.1016/S0377-0427(00)00515-X",
url = "http://www.sciencedirect.com/science/article/pii/S037704270000515X",
author = "David Silvester and Howard Elman and David Kay and Andrew Wathen",
keywords = "Navier-Stokes equations",
keywords = "Incompressible flow",
keywords = "Preconditioning",
keywords = "Multigrid iteration"
}

@Article{ LEASTSQUARESFEM1994,
	author = "A. I. Pehlivanov and G. F. Carey and R. D. Lazarov",
	title = "{Least-Squares Mixed Finite Elements for Second-Order Elliptic Problems}",
	journal = "SIAM Journal on Numerical Analysis",
	year = 1994,
	volume = "31",
	number = 5,
	pages = "1368--1377",
	month = "October"
}

@Article{ Muhlhaus2005,
	title = "{Towards a self-consistent plate mantle model that includes elasticity: simple benchmarks and application to basic modes of convection}",
	author = "Hans-Bernd Muhlhaus and Klaus Regenauer-Lieb",
	journal = "Geophysical Journal International",
	pages = "788--800(13)",
	volume = "163",
	number = 2,
	month = "November",
	year = 2005
}

@Manual{ NUMPY,
	title = "{Numpy and Scipy Documentation}",
	url = "http://docs.scipy.org/doc/",
	howpublished = "http://docs.scipy.org/doc/",
	author = "Scipy Community"
}

@Manual{ matplotlib,
	title = "{matplotlib}",
	author = "John Hunter and Michael Droettboom and Darren Dale",
	month = "July",
	year = "2009",
	howpublished = "http://matplotlib.sourceforge.net/",
	url = "http://matplotlib.sourceforge.net/"
}

@Manual{ mayavi,
	key="mayavi",
	title = "{Mayavi2: The next generation scientific data visualization}",
	year = "2009",
	howpublished = "https://svn.enthought.com/enthought/wiki/MayaVi",
	url = "https://svn.enthought.com/enthought/wiki/MayaVi"
}

@Misc{ gnuplot,
	title = "{gnuplot homepage}",
	author = "Thomas Williams and Colin Kelley",
	month = mar,
	year = "2009",
	howpublished = "http://www.gnuplot.info/",
	url = "http://www.gnuplot.info/"
}

@Manual{ SCIPY,
	title = "{Numpy and Scipy Documentation}",
	author = "The Scipy community community {community community}",
	howpublished = "http://docs.scipy.org/doc/",
	url = "http://docs.scipy.org/doc/"
}

@Misc{ SCSL,
	title = "{SCSL (Scientific Computing Software Library)}",
	howpublished = "http://www.sgi.com/products/software/irix/scsl.html",
	url = "http://www.sgi.com/products/software/irix/scsl.html"
}

@Misc{ IDEAS,
	key="IDEAS",
	title = "{I\_DEAS}",
	howpublished = "http://www.plm.automation.siemens.com/en\\\_us/products/nx/",
	url = "http://www.plm.automation.siemens.com/en_us/products/nx/"
}

@Misc{ VRML,
	key="VRML",
	title = "{VRML}",
	howpublished = "http://www.w3.org/MarkUp/VRML/",
	url = "http://www.w3.org/MarkUp/VRML/"
}

@Misc{ STL,
	key="STL",
	title = "{STL}",
	howpublished = "http://en.wikipedia.org/wiki/STL\_(file\_format)",
	url = "http://en.wikipedia.org/wiki/STL_(file_format)"
}

@Misc{ NASTRAN,
	key="NASTRAN",
	title = "{Nastran}",
	howpublished = "http://simcompanion.mscsoftware.com/",
	url = "http://simcompanion.mscsoftware.com/"
}

@Misc{ MEDIT,
	key="medit",
	title = "{Medit}",
	howpublished = "http://www-rocq.inria.fr/OpenFEM/Doc/",
	url = "http://www-rocq.inria.fr/OpenFEM/Doc/"
}

@Misc{ CGNS,
	key="cgns",
	title = "{CGNS}",
	howpublished = "http://cgns.sourceforge.net/",
	url = "http://cgns.sourceforge.net/"
}

@Misc{ PLOT3D,
	key="plot3d",
	title = "{Plot3D}",
	howpublished = "http://www.plot3d.net/",
	url = "http://www.plot3d.net/"
}

@Misc{ DIFFPACK,
	key="diffpack",
	title = "{Diffpack}",
	howpublished = "http://www.diffpack.com/",
	url = "http://www.diffpack.com/"
}

@InProceedings{ lazyauspdc,
	author = "Joel Fenwick and Lutz Gross",
	title = "{Lazy Evaluation of PDE Coefficients in the EScript System}",
	booktitle = "{Parallel and Distributed Computing 2010 (AusPDC2010)}",
	pages = "71--76",
	year = "2010",
	editor = "Jinjun Chen and Rajiv Ranjan",
	volume = "107",
	series = "{Conferences in Research and Practice in Information Technology}",
	month = "January",
	issn = "1445-1336"
}

@InProceedings{ LoulaCorrea2006a,
	title = "{NUMERICAL ANALYSIS OF STABILIZED MIXED FINITE ELEMENT METHODS FOR DARCY FLOW }",
	booktitle = "{III European Conference on Computational Mechanics Solids, Structures and Coupled Problems in Engineering }",
	author = "Abimael F. D. Loula and Maicon R. Correa",
	editor = "C.A. Mota Soares and others",
	year = "2006 ",
	localfile = "LoulaCorrea2006a.pdf"
}

@Article{ MasudHughes2002a,
	title = "{A stabilized mixed finite element method for Darcy flowArif Masud

}",
	author = "Arif Masud and Thomas J.R. Hughes",
	journal = "Comput. Methods Appl. Mech. Engrg.",
	pages = "4341--4370",
	number = "191",
	year = "2002",
	localfile = "MasudHughes2002a.pdf
"
}

