@TechReport{henson,
  author = "V. Henson and U. Yang",
  TITLE = "{C}oarse {G}rid {S}election of {A}lgebraic {M}ultigrid", 
  institution =  "Lawrence Livermore National Laboratory",
  year =         1999,
  number =       "UCRL-MI-13089",
  address =      "Livermore, CA"
}
@InProceedings{jenkins,
  author = "E. Jenkins and R Berger and J Hallberg and S. Howington and 
                          C. T. Kelley and J. Schmidt and A. Stagg and M. Tocci",
  TITLE = "{A} {T}wo-{L}evel {A}ggregation-{B}ased {N}ewton-{K}rylov-{S}chwarz
                         {M}ethod for {H}ydrology",
  booktitle = "Parallel Computational Fluid Dynamics 1999",
  EDITOR = "D. Keyes and A. Ecer and J. Periaux and N. Satofuka",
  PUBLISHER = "North Holland", 
  PAGES = "257--264",
  YEAR = "2000"
}
@Article{Adams-00a, 
  author =   {M.~F.~Adams}, 
  title =   {Parallel Multigrid Solvers for 3D Unstructured Finite Element Problems in Large Deformation Elasticity and Plasticity}, 
  journal =   {International Journal for Numerical Methods in Engineering}, 
  year =   {2000}, 
  volume =   {48}, 
  number =   {0000-0000}, 
  note =   {To appear} 
} 
@InProceedings{supercomputing, 
  author =   {R.~Tuminaro and C.~Tong},
  title =   {Parallel Smoothed Aggregation Multigrid: Aggregation Strategies 
             on Massively Parallel Machines},
  booktitle =   {SuperComputing 2000 Proceedings}, 
  editor = {J. Donnelley},
  year =   {2000}
}
@TechReport{mlguide,
  author =   {C.~Tong and R.~Tuminaro},
  TITLE = "{ML}2.0 {S}moothed {A}ggregation {U}ser's {G}uide",
  institution =  "Sandia National Laboratories",
  number = "SAND2001-8028",
  address = "Albq, NM",
  YEAR = "2000"}
@InProceedings{Adams-98a, 
  author =   {M.~F.~Adams},
  title =   {A Parallel Maximal Independent Set Algorithm}, 
  booktitle =   {Proceedings 5th copper mountain conference on iterative methods}, 
  year =   {1998}, 
  note =   {Best student paper award winner} 
}
@TechReport{vanek4,
  author = "P.~Vanek and M.~Brezina and J.~Mandel",
  TITLE = "{C}onvergence of {A}lgebraic {M}ultigrid {B}ased on {S}moothed 
                         {A}ggregation",
  institution =  "UCD/CCM",
  number = "report 126",
  address = "Denver, CO",
  YEAR = "1998"
}
@article{vanek1,
  author = "P.~Vanek",
  TITLE = "{A}cceleration of {C}onvergence of a {T}wo {L}evel
                         {A}lgorithm by {S}mooth {T}ransfer {O}perators",
  JOURNAL = "Appl. Math.",
  VOLUME = "37",
  PAGES = "265--274",
  YEAR = "1992"
}
@article{vanek2,
  author = "P.~Vanek",
  TITLE = "{F}ast {M}ultigrid {S}olvers",
  JOURNAL = "Appl. Math.",
  VOLUME = "40",
  PAGES = "1--20",
  YEAR = "1995"
}
@article{bramble,
  author = "J.~Bramble and J.~Pasciak and J.~Wang and J.~Xu",
  TITLE = "{C}onvergence {E}stimates for {M}ultigrid {A}lgorithms
                         without {R}egularity {A}ssumptions",
  JOURNAL="Math Comp.",
  VOLUME = "57",
  NUMBER = "195",
  PAGES = "23--45",
  YEAR = "1991"
}
@article{vanek3,
  author = "P.~Vanek and J.~Mandel and M.~Brezina",
  TITLE = "{A}lgebraic {M}ultigrid {B}ased on {S}moothed {A}ggregation
                         for {S}econd and {F}ourth {O}rder {P}roblems",
  JOURNAL = "Computing",
  VOLUME = "56",
  PAGES = "179--196",
  YEAR = "1996"
}
@unpublished{adams,
  author = "M.~F.~Adams",
  TITLE  = "{E}valuation of {G}eometric and an {A}lgebraic {M}ultigrid
                          {M}ethod on {3D} {F}inite {E}lement {P}roblems in 
                          {S}olid {M}echanics",
  Note   = "Talk at the Copper
           Mountain Conference on Iterative Methods, Copper Mtn,
           Co, 4/2000"
}
@article{wathen,
  author = "D.~Silvester and A.~Wathen",
  TITLE = "{F}ast {I}terative {S}olution of {S}tablised {S}tokes 
           {S}ystems, {P}art II: Using General Block Preconditioners",
  JOURNAL = "SIAM J. Numer. Anal.",
  VOLUME = "31",
  NUMBER = "5",
  PAGES = "1352--1367",
  YEAR = "1994"}
@TechReport{ML,
  author =       "C. Tong and R. Tuminaro and K. Devine and J. Shadid",
  title =        "{D}esign of a {M}ultilevel {P}reconditioning {M}odule for
                  {U}nstructured {C}alculations",
  institution =  "Sandia National Laboratories",
  year =         2000,
  number =       "in preparation",
  address =      "Albuquerque NM, 87185"
}
@TechReport{MLALEGRA,
  author =       "R. Tuminaro and A. Robinson and C. Tong and M. Wong",
  title =        "Multilevel solution techniques in ALEGRA-EMMA",
  institution =  "Sandia National Laboratories",
  year =         2000,
  number =       "in preparation",
  address =      "Albuquerque NM, 87185"
}

@article{brandt.classic,
  author = "A.~Brandt",
  TITLE = "{M}ulti-level {A}daptive {S}olutions to {B}oundary-{V}alue
           {P}roblems",
  JOURNAL = "Math. Comp.",
  VOLUME = "31",
  PAGES = "333--390",
  YEAR = "1977"
}
@book{hack.book,
  author = "W.~Hackbusch",
  TITLE = "{M}ulti-grid {M}ethods and {A}pplications",
  PUBLISHER = "Springer-Verlag",
  ADDRESS = "Berlin",
  YEAR = "1985"
}
@book{hack2.book,
  author = "W.~Hackbusch",
  TITLE = "{I}terative {S}olution of {L}arge {S}parse {L}inear {S}ystems of {E}quations",
  PUBLISHER = "Springer-Verlag",
  ADDRESS = "Berlin",
  YEAR = "1994"
}
@book{wesseling,
  author = "P. Wesseling",
  TITLE = "An Introduction to Multigrid Methods",
  PUBLISHER = "Wiley",
  ADDRESS = "West Sussex",
  YEAR = "1992"
}
@TechReport{Aztec,
  author =       "R. Tuminaro and M. Heroux and S. Hutchinson and J. Shadid",
  title =        "Official {A}ztec User's Guide: Version 2.1",
  institution =  "Sandia National Laboratories",
  year =         1999,
  number =       "Sand99-8801J",
  address =      "Albuquerque NM, 87185",
  month =        "Nov"
}
@Unpublished{Trilinos-home-page,
  author = {Michael A. Heroux},
  title = "Trilinos Home Page.",
  note = "\url{http://software.sandia.gov/trilinos}"
}
@Unpublished{NOX-home-page,
  author = {Tamara G. Kolda and Roger P. Pawlowski},
  title = "{NOX} Home Page.",
  note = "\url{http://software.sandia.gov/nox}"
}
@Unpublished{Automake,
  author = "{Free\ Software\ Foundation}",
  key = "Automake",
  title = "{Automake Home Page.}",
  note = "\url{http://www.gnu.org/software/automake}"
}
@Unpublished{Autoconf,
  author = "{Free\ Software\ Foundation}",
  key = "Autoconf",
  title = "{Autoconf Home Page.}",
  note = "\url{http://www.gnu.org/software/autoconf}"
}
@techreport{ METIS,
  author = "G. Karypis and V. Kumar",
  title = "{METIS}: Unstructured graph partitining and sparse matrix ordering sy
stem",
  institution = "University of  Minnesota, Department of Computer Science",
  year = "1998"
}
@techreport{ ParMETIS,
  author = "G.~Karypis and V.~Kumar",
  title = "{ParMETIS}: Parallel graph partitioning and sparse matrix ordering li
brary",
  institution = "Department of Computer Science, University of Minnesota",
  number = "97-060",
  year = "1997"
}

@article{ MUMPS,
  author = "P.~R.~Amestoy and  I.~S.~Duff and  J.~Y.~L'Excellent",
  year = "2000",
  title = "Multifrontal parallel distributed symmetric and unsymmetric solvers",
  journal = "Comput. Methods in Appl. Mech. Eng.",
  issue = "184",
  pages = "501--520"
}

@manual{Epetra-Ref-Guide,
  title = "Epetra Reference Manual",
  author = "M.~A.~Heroux",
  institution = "Sandia National Laboratories",
  edition  = "2.0",
  note = "\url{http://software.sandia.gov/trilinos/packages/epetra/doxygen/latex/EpetraReferenceManual.pdf}",
  year = 2002}

@techReport{Ifpack-Ref-Guide,
  author      =  {M. Sala and M. Heroux},
  title       =  {Robust Algebraic Preconditioners with {IFPACK} 3.0},
  institution =  {Sandia National Laboratories},
  year        =  {2005},
  number      =  {SAND-0662},
}

@manual{Ifpack-User-Guide,
  title = "{IFPACK} User Guide",
  author = "M.~A.~Heroux",
  institution = "Sandia National Laboratories",
  edition  = "1.0",
  year = 2001}

@manual{Trilinos-Tutorial,
  title = "Trilinos Tutorial",
  author = "M.~Sala and M.~A.~Heroux",
  institution = "Sandia National Laboratories",
  edition  = "3.1",
  year = 2004}


@manual{superlu-manual,
  title = "SuperLU Users' Guide",
  author = "J.~W.~Demmel and J.~R.~Gilbert and X.~S.~Li",
  institution = "Computer Science Division, University of California, Berkely",
  year = 2003}

@manual{mumps-manual,
  title = "MUltifrontal Massively Parallel Solver (MUMPS Versions 4.3.1) Users' Guide",
  author = "P.~R.~Amestoy and I.~S.~Duff and  J.~Y.~L'Excellent and J.~Koster",
  institution = "CERFACS",
  year = 2003}

@Unpublished{superlu-home-page,
  Author = "X.~Li and J.~Demmel",
  Title   = "{SuperLU} home page",
  Note    = "\url{http://crd.lbl.gov/~xiaoye/SuperLU}",
  Year    = "2003"}

@Unpublished{dscpack-home-page,
  author = "P.~Raghavan",
  Title   = "{DSCPACK} home page",
  Note    = "\url{http://www.cse.psu.edu/~raghavan/Dscpack}",
  Year    = "2003"}

@Unpublished{umfpack-home-page,
  author = "T.~Davis",
  Title   = "{UMFPACK} home page",
  Note    = "\url{http://www.cise.ufl.edu/research/sparse/umfpack}",
  Year    = "2003"}

@Unpublished{mumps-home-page,
   author = "P.~R.~Amestoy and I.~S.~Duff and J.~Y.~L'Excellent and J.~Koster",
   Title   = "{MUMPS} home page",
   Note    = "\url{http://www.enseeiht.fr/lima/apo/MUMPS}",
   Year    = "2003"
}
@techreport{parasails,
   author = "E. Chow",
   Title = "ParaSails User's Guide",
   Number = "UCRL-MA-137863",
   Institution = "Lawrence Livermore National Laboratory",
   Year = "2000"
   }
@Article{HTBGR_2004,
  author =  {J.~J.~Hu and R.~S.~Tuminaro and P.~B.~Bochev and C.~J.~Garasi and
            A.~C.~Robinson},
  title =   {Toward an H-independent algebraic multigrid method for {M}axwell's
            equations},
  journal = {SIAM J. Sci. Comput.},
  year =    {2005},
  note =   {Accepted for publication},
}
@article{Hiptmair_1998a,
   author    = {R.~Hiptmair},
   title     = {Multigrid Method for {M}axwell's Equations},
   journal   = {SIAM J. Numer. Anal.},
   year      = {1998},
   volume    = {36},
   number    = {1},
   pages     = {204-225}
}
@article{ABHT_2002,
   author    = {M.~F.~Adams and M.~Brezina and J.~J.~Hu and R.~S.~Tuminaro},
   title     = {Parallel multigrid smoothing: polynomial versus
                {G}auss-{S}eidel},
   journal   = {Journal of Computational Physics},
   volume    = {188},
   year      = {2003},
   pages     = {593-610},
}
@article{BGHRT_2003,
   author    = {P. B. Bochev and C. J. Garasi and J. J. Hu and A. C. Robinson
                and R. S. Tuminaro},
   title     = {An Improved Algebraic Multigrid Method for Solving {M}axwell's
                Equations},
   journal   = {SIAM J. Sci. Comput.},
   volume    = {25},
   number    = {2},
   year      = {2003},
   pages     = {623-642},
}
@techreport{BHST_2007,
   author    = {P. B. Bochev and J. J. Hu and C. M. Siefert
                and R. S. Tuminaro},
   title     = {An Algebraic Multigrid Approach Based on a Compatible Gauge Reformulation of {M}axwell's Equations},
   institution =  "Sandia National Laboratories",
   number = "SAND2007-1633J",
   note = "Submitted to SIAM J. Sci. Comput.",
   YEAR = "2007"
}

@Unpublished{zoltan-home-page,
   author = {Erik Boman and Karen Devine and Robert Heaphy and
             Bruce Hendrickson and William Mitchell and Matthew {St.~John}
             and Courtenay Vaughan},
   title = {{Zoltan} home page},
   note = {\url{http://www.cs.sandia.gov/Zoltan}},
   year = {1999},
}
