@book{Saad,
	author = {Saad, Yousef  },
	publisher = {{Society for Industrial and Applied Mathematics}},
	title = {Iterative Methods for Sparse Linear Systems, Second Edition},
	year = {2003}
}

@book{Go4-DesignPatterns,
	author = {Gamma, E.   and Helm, R.   and Johnson, R.   and Vlissides, J.  },
	publisher = {{Addison-Wesley Professional}},
	title = {Design Patterns},
	url = {http://www.amazon.ca/exec/obidos/redirect?tag=citeulike09-20\&amp;path=ASIN/0201633612},
	year = {1995}
}

@article{PatSpa1972,
	author = {Patankar, S. V.  and Spalding, D. B. },
	citeulike-article-id = {4307762},
	doi = {DOI:\%2010.1016/0017-9310(72)90054-3},
	journal = {International Journal of Heat and Mass Transfer},
	keywords = {navier-stokes, phys-based-precond, preconditioners},
	number = {10},
	posted-at = {2009-04-14 15:51:25},
	priority = {2},
	title = {A calculation procedure for heat, mass and momentum transfer in three-dimensional parabolic flows},
	url = {http://dx.doi.org/DOI:\%2010.1016/0017-9310(72)90054-3},
	volume = {15},
	year = {1972}
}

@article{PerToc2001,
	author = {Pernice, M.  and Tocci, M. D. },
	journal = {SIAM J. Sci. Comput.},
	number = {2},
	pages = {398--418},
	publisher = {Society for Industrial and Applied Mathematics},
	title = {A Multigrid-Preconditioned Newton--Krylov Method for the Incompressible Navier--Stokes Equations},
	volume = {23},
	year = {2001}
}

@article{ElmHow2008,
	author = {Elman, Howard   and Howle, V. E.  and Shadid, John   and Shuttleworth, Robert   and Tuminaro, Ray  },
	journal = {Journal of Computational Physics},
	number = {3},
	pages = {1790--1808},
	title = {A taxonomy and comparison of parallel block multi-level preconditioners for the incompressible Navier-Stokes equations},
	volume = {227},
	year = {2008}
}
@article{Bar2007-SAND,
   author = {Bartlett, R.},
   title = "{Teuchos::RCP Beginnerâ€™s Guide (An Introduction to the Trilinos Smart Reference-Counted Pointer Class for (Almost) Automatic Dynamic Memory Management in C++)}",
   journal = "{SAND2004-3268}",
   publisher = "{Sandia National Laboratories}",
   year = 2007,
}
