% $Id: pyvisi_doc.bib,v 1.1 2005/01/12 01:50:54 paultcochrane Exp $

@Misc{web:python,
  OPTkey =	 {},
  OPTauthor =	 {},
  title =	 {Python home page},
  url =		 {http://www.python.org},
  OPThowpublished ={},
  OPTmonth =	 {},
  OPTyear =	 {},
  OPTnote =	 {},
  OPTannote =	 {}
}

@Misc{web:pyvisi,
  OPTkey =	 {},
  OPTauthor =	 {},
  title =	 {PyVisi home page},
  url =		 {http://pyvisi.sourceforge.net},
  OPThowpublished ={},
  OPTmonth =	 {},
  OPTyear =	 {},
  OPTnote =	 {},
  OPTannote =	 {}
}

@Misc{web:pyscript,
  OPTkey =	 {},
  OPTauthor =	 {},
  title =	 {PyScript home page},
  url =		 {http://pyscript.sourceforge.net},
  OPThowpublished ={},
  OPTmonth =	 {},
  OPTyear =	 {},
  OPTnote =	 {},
  OPTannote =	 {}
}

