%
% Part I. 
% Replicate TrilinosBibliography.bib without the mistakes.
% If the corrections are not disputed, then
% the master bibliography will be updated.
@string{snl = "Sandia National Laboratories"}

@techreport{ Hu2001,
     title = "ML 2.0 Smoothed Aggregation User's Guide",
     author = "Jonathan Hu and Charles Tong and Ray Tuminaro",
     institution = snl,
     number = "SAND2001-8028",
     year = 2001}

@manual{LOCA,
  author = "A.~G.~Salinger and 
            N.~M.~Bou-Rabee and 
            R.~P.~Pawlowski and 
            E.~D.~Wilkes and 
            E.~A.~Burroughs and 
            R.~B.~Lehoucq and 
            L.~A.~Romero",
  title = {{LOCA}: {A} Library of Continuation Algorithms -
           {T}heory and Implementation Manual},
  institution =  snl,
  year =     {2001},
  note =     {{S}AND 2002-0396},
  address =      {Albuquerque, New Mexico 87185}
}

%
% Part II. 
% Items not yet contained in TrilinosBibliography.bib 
%
@book{axelsson94iterative,
    author = "O. Axelsson",
    title = "Iterative Solution Methods",
    publisher = "Cambridge University Press",
    address = "Cambridge",
    year = "1994"
}

@book{Briggs2000,
    author = "W. L. Briggs and V. E. Henson and S. F. Mc{C}ormick",
    title = "A multigrid tutorial",
    publisher = "o",
    PUBLISHER = "SIAM",
    ADDRESS = "Philadelphia, PA, USA",
    EDITION = {2nd},
    YEAR = 2000,
}


@book{ saad96iterative,
    author = "Y. Saad",
    title = "Iterative Methods for Sparse Linear Systems",
    publisher = "PWS",
    address = "Boston",
    isbn = "053494776X",
    year = "1996"
}
@BOOK { smbg:96,
AUTHOR = "B. Smith and P. Bj{\o}rstad and William Gropp",
TITLE = "Domain Decomposition",
EDITION = {1st},
PUBLISHER = "Cambridge",
YEAR = 1996,
}

@techreport{ arprec:02,
     title = "ARPREC: An Arbitrary Precision Computation Package",
     author = "David H Bailey and Yozo Hida and Xiaoye S. Li and Brandon Thompson",
     institution = lbnl,
     number = "LBNL-53651",
     year = 2002}

@techreport{ZoltanUG,
  author        = "K. Devine and B. Hendrickson and  E. Boman and M. {St.John} and C. Vaughan",
  title         =  "Zoltan: A Dynamic Load-Balancing Library for Parallel Applications; User's Guide.",
  institution = "Sandia National Laboratories",
  number      = "SAND99-1377",
  year        = 1999,
  note        = "Newest version available at www.cs.sandia.gov/zoltan"
}

@article{zoltan2002,
  author        = {Karen Devine and Erik Boman and Robert Heaphy and
                   Bruce Hendrickson and Courtenay Vaughan},
  title         = {{Zoltan} Data Management Services for Parallel Dynamic
                   Applications},
  journal       = {Computing in Science and Engineering},
  year          = {2002},
  volume        = {4},
  number        = {2},
  pages         = {90--97}
}

@Unpublished{Metis,
     author = "G. Karypis",
     key = "Metis",
     title = "{Metis Home Page}",
     note = "http://www-users.cs.umn.edu/$\sim$karypis/metis/"
}

@article{KarypisK99,
  author        = "G. Karypis and V. Kumar",
  title         = "Parallel multilevel k-way partitioning scheme for irregular graphs.",
  journal       = "{SIAM} Review",
  year          = {1999},
  volume        = {41},
  number        = {2},
  pages         = {278--300}
}

@article{CatAyk99,
  author        = "U. Catalyurek and C. Aykanat",
  title         = "Hypergraph-partitioning-based decomposition for parallel sparse-matrix vector multiplication",
  journal       = "{IEEE} Transactions on Parallel and Distributed Systems",
  year          = {1999},
  volume        = {10},
  number        = {7},
  pages         = {673--693}
}

@techreport{ Amesos-Reference-Guide,
     title = "Amesos 1.0 Reference Guide",
     author = "Marzio Sala and Ken Stanley",
     institution = snl,
     number = "SAND2004-2188",
     year = 2004}

@techreport{ ML-Users-Guide,
     title = "ML 3.0 Smoothed Aggregation User's Guide",
     author = "Marzio Sala and Jonathan J. Hu and Ray. S. Tuminaro",
     institution = snl,
     number = "SAND2004-2195",
     year = 2004}

