% $Id$

@BOOK{SAAD,
  AUTHOR  = {Y. Saad},
  EDITOR  = {},
  TITLE   = {Iterative Methods for Sparse Linear Systems},
  PUBLISHER = {PWS Publishing Company},
  YEAR    = {1996},
  SERIES  = {},
  ADDRESS = {20 Park Plaza, Boston, MA 02116, USA},
 NOTE    = {}   }

@BOOK{WEISS,
  AUTHOR  = {R. Weiss},
  TITLE   = {Parameter-Free Iterative Linear Solvers},
  SERIES  = {Mathematical Research, vol.\ 97},
  PUBLISHER = {Akademie Verlag},
  YEAR    = {1996},
  ADDRESS = {Berlin},
  NOTE    = {}   }

% FEM stuff
@BOOK{NumHand,
  AUTHOR  = {P.~G. Ciarlet and J.~L. Lions},
  TITLE   = {Handbook of Numerical Analysis},
  VOLUME  = {2},
  YEAR    = {1991},
  PUBLISHER = {North Holland},
  ADDRESS = {Amsterdam},
  NOTE    = {}   }

@INPROCEEDINGS{NUMARRAY,
  AUTHOR={Perry Greenfield, Todd Miller, Jin-Chung Hsu and Richard L. White},
  TITLE={An Array Module for Python},
  EDITOR={},
  BOOKTITLE={Astronomical Data Analysis Software and Systems XI},
  PUBLISHER={ },YEAR={2001}}

@BOOK{Zienc,
  AUTHOR  = {O.~C. Zienkiewicz},
  TITLE   = {The Finite Element Method in Engineering Science},
  PUBLISHER = {McGraw-Hill},
  YEAR    = {1971},
  ADDRESS = {London},
  EDITION = {second},
  NOTE    = {}   }


@ARTICLE{GROSZ99c,
  AUTHOR  = {L.~Grosz},
  TITLE   = {Preconditioning by Incomplete Block Elimination},
  JOURNAL = {J. of Num. Lin. Alg. with Appl.},
  YEAR    = {2000},
  NOTE    = {to appear}   }
% VOLUME  = {1},
% NUMBER  = {1},
% PAGES   = {3--17},


