Created by Kbib version 0.6.5
\#Last modified: Wed May 20 10:08:05 2009

@Book{ SAAD,
	author = "Y. Saad",
	title = "Iterative Methods for Sparse Linear Systems",
	publisher = "PWS Publishing Company",
	year = "1996",
	address = "20 Park Plaza, Boston, MA 02116, USA"
}

@Book{ WEISS,
	author = "R. Weiss",
	title = "Parameter-Free Iterative Linear Solvers",
	publisher = "Akademie Verlag",
	year = "1996",
	series = "Mathematical Research, vol.\ 97",
	address = "Berlin"
}

@Book{ Multigrid,
	author = "U. Trottenberg and C. W. Oosterlee and A. Sch√ºller",
	title = "Multigrid",
	publisher = "Academic Press",
	year = "2001"
}

@Book{ AMG,
	author = "Y. Shapira",
	title = "Matrix-Based Multigrid",
	publisher = "Springer",
	year = "2008"
}

@Book{ NumHand,
	author = "P.~G. Ciarlet and J.~L. Lions",
	title = "Handbook of Numerical Analysis",
	publisher = "North Holland",
	year = "1991",
	volume = "2",
	address = "Amsterdam"
}

@InProceedings{ NUMARRAY,
	author = "Todd Miller Jin-Chung Hsu {Perry Greenfield} and Richard L. White",
	title = "An Array Module for Python",
	booktitle = "Astronomical Data Analysis Software and Systems XI",
	year = "2001"
}

@Book{ Zienc,
	author = "O.~C. Zienkiewicz",
	title = "The Finite Element Method in Engineering Science",
	publisher = "McGraw-Hill",
	year = "1971",
	address = "London",
	edition = "second"
}

@Article{ SUPG2,
	author = "H.C. Elman and A. Ramage",
	title = "An Analysis of Smoothing Effects of Upwinding Strategies For The Convection-Diffusion Equation",
	journal = "SIAM J. Numer. Anal.",
	year = "2002",
	volume = "40",
	number = "1",
	pages = "254--281"
}

@Book{ TURCOTTE2002,
	author = "Donald L. Turcotte and Gerald Schubert",
	title = "Geodynamics",
	publisher = "Cambridge University Press",
	year = 2002,
	edition = "Second"
}

@Article{ MORESI2003,
	author = "L. Moresi and F. Dufour and H. \-B. M {\"u}hlhaus",
	title = "A {Lagrangian} integration point finite element method for large deformation modeling of viscoelastic geomaterials",
	journal = "Journal of Computational Physics",
	year = 2003,
	number = 184,
	pages = "476--497"
}

@Article{ GROSZ99c,
	author = "L.~Grosz",
	title = "Preconditioning by Incomplete Block Elimination",
	journal = "J. of Num. Lin. Alg. with Appl.",
	year = "2000",
	note = "to appear"
}

@Book{ VTK,
	author = "Inc {The Kitware}",
	title = "Visualization Toolkit User's Guide.",
	publisher = "Kitware, Inc publishers.",
	year = "1971",
	address = "London",
	edition = "second"
}

@Article{ BOURGOUIN2006,
	author = "L. Bourgouin and H. Muhlhaus and A. J. Hale and A. Arsac",
	title = "Towards realistic simulations of lava dome growth using the level set method",
	journal = "Acta Geotechnica",
	year = "2006",
	volume = "1",
	number = "4",
	pages = "225--236"
}

@Article{ SUSSMAN1994,
	author = "M. Sussman and P. Smereka and S. Osher",
	title = "A Level Set Approach for Computing Solutions to Incompressible Two-Phase Flow",
	journal = "Journal of Computational Physics",
	year = "1994",
	volume = "114",
	pages = "146--159"
}

@Article{ LIN2005,
	author = "C. Lin and H. Lee and T. Lee and L. J. Weber",
	title = "A Level Set Characteristic Galerkin Finite Element Method for Free Surface Flows",
	journal = "International Journal for Numerical Methods in Fluids",
	year = "2005",
	volume = "49",
	pages = "521--547"
}

@Article{ SUCKALE2008,
	author = "J. Suckale and J. C. Have",
	title = "An alternative numerical model of buoyancy driven flows",
	year = "2008",
	pages = "1--43"
}

@Article{ GROSS2006,
	author = "L. Gross and L. Bourgouin and A. J. Hale and H.-B Muhlhaus",
	title = "Interface Modeling in Incompressible Media using Level Sets in Escript",
	journal = "Physics of the Earth and Planetary Interiors",
	year = 2007,
	volume = "163",
	pages = "23--34",
	month = "Aug.",
	doi = "doi:10.1016/j.pepi.2007.04.004"
}

@Article{ VANKEKEN1997,
	author = "P. E. {van Keken} and S. D. King and H. Schmeling and U. R. Christensen and D. Neumeister and M. P. Doin",
	title = "A comparison of methods for the modeling of thermochemical convection",
	journal = "J. Geophys. Res.",
	year = "1997",
	volume = "102",
	number = "B10",
	pages = "22477--22495"
}

@Article{ AAMIRBERKYAN2008,
	author = "A. Amirberkyan and L. Gross",
	title = "Efficient Solvers for Incompressible Fluid Flows in Geosciences",
	journal = "ANZIAM Journal",
	year = "2008",
	volume = "50",
	pages = "C189--C203"
}

@Article{ MBENZI2005,
	author = "M. Benzi and G. H. Golub and J. Liesen",
	title = "Numerical solution of saddle point problems",
	journal = "Acta Numerica",
	year = "2005",
	volume = "14",
	pages = "1--137"
}

@Misc{ OPENDX,
	key = "opendx",
	title = "{OpenDX}",
	howpublished = "http://www.opendx.org/",
	url = "http://www.opendx.org/"
}

@Misc{ netCDF,
	key = "netcdf",
	title = "{netCDF}",
	howpublished = "http://www.unidata.ucar.edu/software/netcdf",
	url = "http://www.unidata.ucar.edu/software/netcdf"
}

@Misc{ UMFPACK,
	key = "umfpack",
	howpublished = "http://www.cise.ufl.edu/research/sparse/umfpack/",
	url = "http://www.cise.ufl.edu/research/sparse/umfpack/"
}

@Misc{ MKL,
	key = "MKL",
	title = "INTEL's Math Kernel Library"
}

@Misc{ VisIt,
	key = "visit",
	title = "{VisIt}",
	howpublished = "https://wci.llnl.gov/codes/visit/home.html",
	url = "https://wci.llnl.gov/codes/visit/home.html"
}

@Misc{ OPENMP,
	key = "openmp",
	title = "{OpenMP}",
	howpublished = "http://openmp.org",
	url = "http://openmp.org"
}

@Misc{ MPI,
	key = "mpi",
	title = "{MPI}",
	howpublished = "http://www.mpi-forum.org",
	url = "http://www.mpi-forum.org"
}

@Book{ LBB,
	author = "V. Girault and P. A. Raviart",
	title = "Finite Element Methods for Navier-Stokes Equations- Theory and Algorithms",
	publisher = "Springer Verlag, Berlin",
	year = 1986
}

@Misc{ SCSL,
	title = "SCSL (Scientific Computing Software Library)",
	url = "http://www.sgi.com/products/software/irix/scsl.html"
}

@Manual{ GMSH,
	title = "Gmsh Reference Manual",
	author = "Christophe Geuzaine and Jean-Francois Remacle",
	edition = "1.12",
	month = "Aug",
	year = 2003,
	url = "http://www.geuz.org/gmsh"
}

@Article{ RILU,
	author = "B. Suchomel {Y. Saad}",
	title = "ARMS: an algebraic recursive multilevel solver for general sparse linear systems",
	journal = "Numerical Linear Algebra with Applications",
	year = 2002,
	volume = "9",
	number = 5,
	pages = "1099--1506"
}

@Misc{ RIGHTHANDRULE,
	title = "Right-hand rule",
	howpublished = "http://en.wikipedia.org/wiki/Right-hand_rule",
	url = "http://en.wikipedia.org/wiki/Right-hand_rule"
}

@Misc{ TETGEN,
	title = "TetGen: A Quality Tetrahedral Mesh Generator and Three-Dimensional Delaunay Triangulator",
	author = "Hang Si",
	month = "Jan",
	year = 2008,
	howpublished = "http://tetgen.berlios.de",
	url = "http://tetgen.berlios.de"
}

@Misc{ NETGEN,
	title = "Netgen 1.4",
	author = "Tim Edwards",
	howpublished = "http://opencircuitdesign.com/netgen/",
	url = "http://opencircuitdesign.com/netgen/"
}

@Article{ ELMAN,
	author = "Howard Elman David Kay {David Silvester} and Andrew Wathen",
	title = "Efficient Preconditioning of the Linearized Navier-Stokes Equations",
	journal = "Journal of Computational and Applied Mathematics",
	year = 2001,
	number = 128,
	pages = "261--279"
}

@Article{ LEASTSQUARESFEM1994,
	author = "A. I. Pehlivanov and G. F. Carey and R. D. Lazarov",
	title = "Least-Squares Mixed Finite Elements for Second-Order Elliptic Problems",
	journal = "SIAM Journal on Numerical Analysis",
	year = 1994,
	volume = "31",
	number = 5,
	pages = "1368--1377",
	month = "October"
}

@Article{ Muhlhaus2005,
	author = "Hans-Bernd; Regenauer-Lieb Klaus Muhlhaus",
	title = "Towards a self-consistent plate mantle model that includes elasticity: simple benchmarks and application to basic modes of convection",
	journal = "Geophysical Journal International",
	year = 2005,
	volume = "163",
	number = 2,
	pages = "788--800(13)",
	month = "November"
}

@Manual{ NUMPY,
	title = "Numpy and Scipy Documentation",
	url = "http://docs.scipy.org/doc/",
	howpublished = "http://docs.scipy.org/doc/",
	author = "Scipy Community"
}

@Manual{ matplotlib,
	title = "matplotlib",
	author = "John Hunter and Michael Droettboom and Darren Dale",
	month = "July",
	year = "2009",
	howpublished = "http://matplotlib.sourceforge.net/",
	url = "http://matplotlib.sourceforge.net/"
}

@Manual{ mayavi,
	title = "Mayavi2: The next generation scientific data visualization",
	year = "2009",
	howpublished = "https://svn.enthought.com/enthought/wiki/MayaVi",
	url = "https://svn.enthought.com/enthought/wiki/MayaVi"
}

@Misc{ gnuplot,
	title = "gnuplot homepage",
	author = "Thomas Williams and Colin Kelley",
	month = mar,
	year = "2009",
	howpublished = "http://www.gnuplot.info/",
	url = "http://www.gnuplot.info/"
}

@Manual{ SCIPY,
	title = "Numpy and Scipy Documentation",
	author = "The Scipy community",
	howpublished = "http://docs.scipy.org/doc/",
	url = "http://docs.scipy.org/doc/"
}

@Misc{ SCSL,
        title = "SCSL (Scientific Computing Software Library)",
        howpublished = "http://www.sgi.com/products/software/irix/scsl.html",
        url = "http://www.sgi.com/products/software/irix/scsl.html"
}

@Misc{ IDEAS,
       title = "I_DEAS",
       howpublished = "http://www.plm.automation.siemens.com/en_us/products/nx/",
       url = "http://www.plm.automation.siemens.com/en_us/products/nx/"
}
@Misc{ VRML,
        title = "VRML",
       howpublished = "http://www.w3.org/MarkUp/VRML/",
       url = "http://www.w3.org/MarkUp/VRML/"
}
@Misc{ STL,
        title = "STL",
       howpublished = "http://en.wikipedia.org/wiki/STL_(file_format)",
       url = "http://en.wikipedia.org/wiki/STL_(file_format)"
}
@Misc{ NASTRAN,
        title = "Nastran",
       howpublished = "http://simcompanion.mscsoftware.com/",
       url = "http://simcompanion.mscsoftware.com/"
}
@Misc{ MEDIT,
        title = "Medit",
       howpublished = "http://www-rocq.inria.fr/OpenFEM/Doc/",
       url = "http://www-rocq.inria.fr/OpenFEM/Doc/"
}
@Misc{ CGNS,
        title = "CGNS",
       howpublished = "http://cgns.sourceforge.net/",
       url = "http://cgns.sourceforge.net/"
}
@Misc{ PLOT3D,
        title = "Plot3D",
       howpublished = "http://www.plot3d.net/",
       url = "http://www.plot3d.net/"
}
@Misc{ DIFFPACK,
        title = "Diffpack",
       howpublished = "http://www.diffpack.com/",
       url = "http://www.diffpack.com/"
}

@InProceedings{lazyauspdc,
author = {Joel Fenwick and Lutz Gross},
title = {Lazy Evaluation of PDE Coefficients in the EScript System},
booktitle = {Parallel and Distributed Computing 2010 (AusPDC2010)},
pages = {71--76},
year = {2010},
editor = {Jinjun Chen and Rajiv Ranjan},
volume = {107},
series = {Conferences in Research and Practice in Information Technology},
month = {January},
issn = {1445-1336}
}

